%% This file was created with JabRef 2.7.
%% Encoding: UTF8
%% package sort has to be used in natbib.sty
%% xelatex format
%% This file was created with JabRef 2.7.
%% Encoding: UTF8

@INPROCEEDINGS{TLLewis:2012,
  AUTHOR =       {T.L. Lewis and C.O. Ndiaye and J.R.Wilcox },
  TITLE =        {Inclusion Voiding in Gull Wing Solder Joints},
  booktitle =    {IPC APEX EXPO},
  YEAR =         {2012},
  pages =        {},
  publisher = {IPC -Association Connecting Electronic Industries},
  address = {San Diego, California},
}

@INPROCEEDINGS{RAspandiar:2006,
  AUTHOR =       {R.F.Aspandiar },
  TITLE =        {Voids in Solder Joints},
  booktitle =    {SMTAI Conference Proceedings},
  YEAR =         {2006},
  pages =        {},
  publisher = {Journal of SMT Articles},
  address = {Rosemont, Illinois},
}

%%10.1016/j.matlet.2014.10.041
@ARTICLE{MLHuang2015,
  author  =   {Mingliang Huang and Fan Yang  and Ning Zhao and Z.J.Zhang},
  journal  =  {Materials Letters},
  title   =   {In situ study on dissolution and growth mechanism of interfacial Cu6Sn5 in wetting reaction},
  year    =   {2015},
  volume  =   {139}, 
  number   =  {},
  pages  =  {42-45},
}

%% DOI:10.4028/www.scientific.net/MSF.475-479.2655
@ARTICLE{YLin2005,
  author  =   {Y.H. Lin and C.M. Tsai and Y.C. Hu and Y.L. Lin and J.Y. Tsai and C.R. Kao},
  journal  =  {Materials Science Forum},
  title   =   {Electromigration Induced Metal Dissolution in Flip-Chip Solder Joints},
  year    =   {2005},
  volume  =   {475-479},
  number   =  {},
  pages  =  {2655-2658},
}

%%DOI:10.1063/1.3119219
@ARTICLE{IDutta2009,
  author  =   {I. Dutta and P. Kumar},
  journal  =  {Applied Physics Letters},
  title   =   {Electric current induced liquid metal flow: Application to coating of micropatterned structures},
  year    =   {2009},
  volume  =   {94},
  number   =  {18},
  pages  =  {184104(1-3)},
}

%%DOI:10.1063/1.4863641
@ARTICLE{PKumar2014,
  author  =   { P Kumar and J Howarth and  I Dutta},
  journal  =  {Journal of Applied Physics},
  title   =   {Electric current induced flow of liquid metals : Mechanism and substrate-surface effects},
  year    =   {2014},
  volume  =   {115},
  number   =  {4},
  pages  =  {044915(1-11)},
}

@INPROCEEDINGS{XLin2007,
  AUTHOR =       {Xiaoqin Lin and Le Luo},
  TITLE =        {The Growth and Influencing Factors of Voids in SnAg Solder Bump and their Impact on Interfacial Bond Strength},
  booktitle =    {8th International Conference on Electronic Packaging Technology (ICEPT) },
  YEAR =         {2007},
  pages =        {1-5},
  publisher = {IEEE},
  address = {Shanghai },
}

@PHDTHESIS{SLee2009thesis,
  AUTHOR =       {Sangil Lee},
  TITLE =        {Fundamental Study of Underfill Void Formation in Flip Chip Assembly},
  SCHOOL =       {George W. Woodruff School of Mechanical Engineering, Georgia Institute of Technology},
  YEAR =         {2009},
  address = { Atlanta, Georgia},
}

%% 10.1115/1.3153369
@ARTICLE{SLee2009JEP,
  author  =   { Sangil Lee and M. J. Yim and  
Daniel Baldwin, },
  journal  =  {Journal of Electronic Packaging},
  title   =   {Void Formation Mechanism of Flip Chip in Package Using No-Flow Underfill},
  year    =   {2009},
  volume  =   {131},
  number   =  {4},
  pages  =  {031014(1-5)},
}

%%10.1088/0965-0393/18/6/065005
@ARTICLE{SLee2010,
  author  =   { Sangil Lee and Hao Min Zhou and  
Daniel F Baldwin },
  journal  =  {Modelling and Simulation in Materials Science and Engineering},
  title   =   {A numerical study of void nucleation and growth in a flip chip assembly process},
  year    =   {2010},
  volume  =   {18},
  number   =  {6},
  pages  =  {065005(1-20)},
}

%%10.1109/TCPMT.2012.2191617
@ARTICLE{SLee2012,
  author  =   { Sangil Lee and Myung Jin Yim and Daniel Baldwin },
  journal  =  {IEEE Transactions on Components, Packaging and Manufacturing Technology},
  title   =   {Effect of Nano-Particles on Heterogeneous Void Nucleation in No-Flow Underfill Materials},
  year    =   {2012},
  volume  =   {2},
  number   =  {7},
  pages  =  {1059-1063},
}

%DOI:10.14106/j.cnki.1001-2028.2012.01.007
@ARTICLE{WXinxin2012,
  author  =   {Xinxin Wang  and Jianping Liu and Fu Guo and Li L iu and Channi Fu },
  journal  =  {Electronic Components and Materials},
  title   =   {X-ray detection and analysis for micro voids of solder joints in high density LED packages},
  year    =   {2012},
  volume  =   {31},
  number   =  {1},
  pages  =  {64-67},
}

@INPROCEEDINGS{LGoenka1995,
  AUTHOR =       { L. Goenka and A. Achari },
  TITLE =        {Void formation in flip-chip solder bumps. I },
  booktitle =    {Electronics Manufacturing Technology Symposium, 1995. 'Manufacturing Technologies - Present and Future', Seventeenth IEEE/CPMT International },
  YEAR =         {1995},
  pages =        {14 - 19 },
  publisher = {IEEE},
  address = {Austin, TX },
}

@INPROCEEDINGS{LGoenka1996,
  AUTHOR =       { L. Goenka and A. Achari },
  TITLE =        {Void formation in flip chip solder bumps. II},
  booktitle =    {Electronics Manufacturing Technology Symposium, 1996., Nineteenth IEEE/CPMT  },
  YEAR =         {1996},
  pages =        {430 - 437},
  publisher = {IEEE},
  address = {Austin, TX },
}

%DOI:10.1115/1.1569954
@ARTICLE{RLpanton2003,
  author  =   { Ronald L. Panton and Jong W. Lee and Lakhi Goenka and Achyuta Achari},
  journal  =  {Journal of Electronic Packaging},
  title   =   {Simulation of Void Growth in Molten Solder Bumps},
  year    =   {2003},
  volume  =   {125},
  number   =  {3},
  pages  =  {329-334},
}


@INPROCEEDINGS{HMa2012,
  AUTHOR =       { H. T. Ma and L. Qu and H .J. Zhao and J. Wang and L. Y. Gu and L. L. An and M .L. Huang },
  TITLE =        {In-situ study on the formation and evolution behavior of voids at the interface during soldering process by synchrotron radiation real-time imaging technology},
  booktitle =    {2012 International Conference on Electronic Packaging Technology $\&$ High Density Packaging (ICEPT-HDP) },
  YEAR =         {2012},
  pages =        {380-384},
  publisher = {IEEE},
  address = {},
}


%10.1016/j.apsusc.2014.03.003
@ARTICLE{LQu2014APSUSC,
  author  =   {L.Qu and H.T. Ma and H.J. Zhao and Anil Kunwar and  
N. Zhao },
  journal  =  {Applied Surface Science},
  title   =   {In situ study on growth behavior of interfacial bubbles and its effect on interfacial reaction during a soldering process},
  year    =   {2014},
  volume  =   {305},
  number   =  {},
  pages  =  {133-138},
}
%10.1063/1.2359135
@ARTICLE{BChao2006,
  author  =   {Brook Chao and Seung Hyun Chae and  
Xuefeng Zhang and Kuan Hsun Lu and Min Ding and Jay Im and Paul S. Ho },
  journal  =  {Journal of Applied Physics},
  title   =   {Electromigration enhanced intermetallic growth and void formation in Pb-free solder joints},
  year    =   {2006},
  volume  =   {100},
  number   =  {8},
  pages  =  {1-10},
}
%10.1016/j.actamat.2006.12.019
@ARTICLE{BChao2007,
  author  =   {Brook Chao and Seung Hyun Chae and  
Xuefeng Zhang and Kuan Hsun Lu  and Jay Im and Paul S. Ho },
  journal  =  {Acta Materialia},
  title   =   {Investigation of diffusion and electromigration parameters for Cu – Sn intermetallic compounds in Pb-free solders using simulated annealing},
  year    =   {2007},
  volume  =   {55},
  number   =  {},
  pages  =  {2805-2814},
}

%10.1016/j.microrel.2009.01.006
@ARTICLE{BChao2009,
  author  =   {Brook Chao and Xuefeng Zhang and Seung Hyun Chae and   Paul S. Ho },
  journal  =  {Microelectronics Reliability},
  title   =   {Recent advances on kinetic analysis of electromigration enhanced intermetallic growth and damage formation in Pb-free solder joints},
  year    =   {2009},
  volume  =   {49},
  number   =  {3},
  pages  =  {253-263},
}

%10.1063/1400096
@ARTICLE{TYlee2001,
  author  =   {T. Y. Lee and K. N. Tu and  D. R. Frear },
  journal  =  {Journal of Applied Physics},
  title   =   {Electromigration of eutectic SnPb solder interconnects for flip chip technology},
  year    =   {2001},
  volume  =   {90},
  number   =  {9},
  pages  =  {4502-08}
}

@ARTICLE{HGan2002,
  author  =   {H. Gan and W. J. Choi and G. Xu and K. N. Tu},
  journal  =  {Journal of Metals},
  title   =   {Polarity effect of electromigration on kinetics of intermetallic compound formation in Pb-free solder V-groove samples},
  year    =   {2002},
  volume  =   {54},
  number   =  {6},
  pages  =  {34-37}
}

%10.1063/1.1861151
@ARTICLE{HGan2005,
  author  =   {H. Gan and K. N. Tu},
  journal  =  {Journal of Applied Physics},
  title   =   {Polarity effect of electromigration on kinetics of intermetallic compound formation in Pb-free solder V-groove samples},
  year    =   {2005},
  volume  =   {97},
  number   =  {6},
  pages  =  {063514(1-6)},
}

@BOOK{KNtu2007,
  AUTHOR =       {K. N. Tu},
  TITLE =        {Solder Joint Technology Materials, Properties, and Reliability},
  PUBLISHER =    {Springer},
  YEAR =         {2007},
  address =      {New York, USA},
}
%10.1016/j.microrel.2010.09.031
@ARTICLE{KNtu2011,
  author  =   {K. N. Tu},
  journal  =  {Microelectronics Reliability},
  title   =   {Reliability challenges in 3D IC packaging technology},
  year    =   {2011},
  volume  =   {51},
  number   =  {3},
  pages  =  {517-523},
}
%10.1016/j.actamat.2009.02.015
@ARTICLE{YDlu2009,
  author  =   { Yu Dong Lu and Xiao Qi He and Yun Fei En and Xin Wang and Zhi Qiang Zhuang },
  journal  =  {Acta Materialia},
  title   =   {Polarity effect of electromigration on intermetallic compound formation in SnPb solder joints},
  year    =   {2009},
  volume  =   {57},
  number   =  {8},
  pages  =  {2560-2566},
}
%10.1016/j.surfcoat.2014.02.060
@ARTICLE{CEho2014,
  author  =   {C.E. Ho and  C.H. Yang and  L.H. Hsu },
  journal  =  {Surface and Coatings Technology},
  title   =   {Electromigration in thin-film solder joints},
  year    =   {2014},
  volume  =   {259},
  number   =  {},
  pages  =  {257-261},
}

%10.1016/j.jallcom.2010.05.158
@ARTICLE{LChen2010,
  author  =   { L. D. Chen and M. L. Huang and S. M. Zhou},
  journal  =  {Journal of Alloys and Compounds},
  title   =   {Effect of electromigration on intermetallic compound formation in line-type Cu/Sn/Cu interconnect},
  year    =   {2010},
  volume  =   {504 },
  number   =  {2},
  pages  =  {535-541},
}

%10.1007/s11664-012-1952-6
@ARTICLE{MLhuang2012,
  author  =   { M. L. Huang and S. M. Zhou and L. D. Chen   },
  journal  =  {Journal of Electronic Materials},
  title   =   {Electromigration-induced interfacial reactions in Cu/Sn/electroless Ni-P solder interconnects},
  year    =   {2012},
  volume  =   {41},
  number   =  {4},
  pages  =  {730-740},
}
%10.1016/j.microrel.2013.07.038
@ARTICLE{LMeinshausen2013,
  author  =   { L. Meinshausen and H. Fremont and K. Weide-Zaage and B. Plano  },
  journal  =  {Microelectronics Reliability},
  title   =   {Electro- and thermomigration-induced IMC formation in SnAg 3.0Cu0.5 solder joints on nickel gold pads},
  year    =   {2013},
  volume  =   {53},
  number   =  {9-11},
  pages  =  {1575-1580},
}

%10.1063/1.3089872
@ARTICLE{HYhsiao2009,
  author  =   { Hsiang-Yao Hsiao and  Chih Chen },
  journal  =  {Applied Physics Letters},
  title   =   {Thermomigration in Pb-free SnAg solder joint under alternating current stressing},
  year    =   {2009},
  volume  =   {94},
  number   =  {9},
  pages  =  {092107(1-3)},
}

@PHDTHESIS{MFAbdulhamid2008,
  AUTHOR =       {Mohd. Foad. Abdul Hamid },
  TITLE =        {Thermomigration: an Experimental Damage Mechanics Study on Nanoelectronic Lead-Free Solder Alloys},
  SCHOOL =       {Department of Civil, Structural, and Environmental Engineering, State University of New York at Buffalo},
  YEAR =         {2008},
  address = { New York},
}
%10.1115/1.3068296
@ARTICLE{MFAbdulhamid2009,
  author  =   {Mohd F. Abdulhamid and Cemal Basaran},
  journal  =  {Journal of Electronic Packaging},
  title   =   {Influence of Thermomigration on Lead-Free Solder Joint Mechanical Properties},
  year    =   {2009},
  volume  =   {131},
  number   =  {1},
  pages  =  {011002(1-12)},
}

%10.1038/srep13491
@ARTICLE{ZNing2015,
  author  =   {N Zhao and Y. Zhong and M.L. Huang and  
H.T. Ma and W Dong },
  journal  =  {Scientific Reports},
  title   =   {Growth kinetics of Cu6Sn5 intermetallic compound at liquid-solid interfaces in Cu/Sn/Cu interconnects under temperature gradient},
  year    =   {2015},
  volume  =   {5},
  number   =  {August},
  pages  =  {13491(1-12)},
}

%10.1016/j.actamat.2013.08.016
@ARTICLE{MSpark2013,
  author  =   {M. S. Park and S. L. Gibbons and R. Arroyave},
  journal  =  {Acta Materialia},
  title   =   {Phase-field simulations of intermetallic compound evolution in Cu / Sn solder joints under electromigration},
  year    =   {2013},
  volume  =   {61},
  number   =  {},
  pages  =  {7142-7154},
}

@PHDTHESIS{AnilHUZHEJIANG05,
  AUTHOR =       {胡国飞},
  TITLE =        {三维数字表面去噪光顺技术研究},
  SCHOOL =       {浙江大学},
  YEAR =         {2005},
  address = {杭州},
}

@INPROCEEDINGS{RomaKBBK:2000,
  AUTHOR =       {Leif P. Kobbelt and Stephan Bischoff and Mario Botsch and Kolja K\ddot{a}hler
  and Christian R\"{o}ssl and Robert Schneider and Jens Vorsatz},
  TITLE =        {Geometric modeling based on polygonal meshes},
  booktitle =    {Eurographics Tutorial},
  YEAR =         {2000},
  pages =        {1-48},
  publisher = {Eurographics Association},
  address = {Aire-la-Ville, Switzerland},
}


@ARTICLE{Jennyjessicarenqiao24792,
  author  =   {Feng Xia and Ahmedin M. Ahmed and Laurence T. Yang and Jianhua Ma and Joel Rodrigues},
  journal  =  {IEEE Transactions on Parrallel and Distributed Systems},
  title   =   {Exploiting Social Relationship to Enable Efficient Replica Allocation in Ad-hoc Social Networks},
  year    =   {2013},
  volume  =   {DOI:10.1109/TPDS.2013.2295805},
  number   =  {},
  pages  =  {},
}
%DOI: 10.1109/ACCESS.2014.2319823
@ARTICLE{AZGGH:2002,
  AUTHOR =       {Ahmedin M. Ahmed and Tie Qiu and Feng Xia and Behrouz Jedari and Saeid Abolfazli},
  TITLE =        {Event-based Mobile Social Networks: Services, Technologies and Applications},
  JOURNAL =      {IEEE Access},
  YEAR =         {2014},
  volume =       {25},
  number =       {12},
  pages =        {3167 - 3176 },
}
%10.1557/JMR.2008.0024
@ARTICLE{JRhuang2008,
  AUTHOR =       {J.R. Huang and C.M. Tsai and Y.W. Lin and C.R. Kao},
  TITLE =        {Pronounced electromigration of Cu in molten Sn-based solders},
  JOURNAL =      {Journal of Materials Research},
  YEAR =         {2008},
  volume =       {23},
  number =       {01},
  pages =        {250-257},
}
%10.1016/j.intermet.2012.06.003
@ARTICLE{YMguo2012,
  AUTHOR =       {Ming Yung Guo and C. K. Lin and Chih Chen and K. N. Tu },
  TITLE =        {Asymmetrical growth of Cu$_6$Sn$_5$ intermetallic compounds due to rapid thermomigration of Cu in molten SnAg solder joints},
  JOURNAL =      {Intermetallics},
  YEAR =         {2012},
  volume =       {29},
  number =       {},
  pages =        {155-158},
}
%10.1016/j.mser.2012.11.001
@ARTICLE{CChen2012,
  AUTHOR =       { Chih Chen and Hsiang Yao Hsiao and Yuan Wei Chang and Fanyi Ouyang and K. N. Tu},
  TITLE =        {Thermomigration in solder joints},
  JOURNAL =      {Materials Science and Engineering R: Reports},
  YEAR =         {2012},
  volume =       {73},
  number =       {9-10},
  pages =        {85-100},
}
%10.1007/s11661-012-1329-8
@ARTICLE{KEyazzie2012,
  AUTHOR =       {Kyle E. Yazzie and Jonathan Topliff and Nikhilesh Chawla },
  TITLE =        {On the Asymmetric Growth Behavior of Intermetallic Compound Layers During Extended Reflow of Sn-Rich Alloy on Cu},
  JOURNAL =      {Metallurgical and Materials Transactions A},
  YEAR =         {2012},
  volume =       {43},
  number =       {10},
  pages =        {3442-3446},
}
%10.1063/1.4876756
@ARTICLE{LQu2014JAP,
  AUTHOR =       { Lin Qu and Ning Zhao and Haitao Ma and Huijing Zhao and  Mingliang Huang},
  TITLE =        {In situ study on the effect of thermomigration on intermetallic compounds growth in liquid-solid interfacial reaction},
  JOURNAL =      {Journal of Applied Physics},
  YEAR =         {2014},
  volume =       {115},
  number =       {20},
  pages =        {0-6},
}

@PHDTHESIS{YCheng2013,
  AUTHOR =       {Yin Cheng},
  TITLE =        {In situ Synchrotron Radiation Computed Laminography for Materials Failure Analysis},
  SCHOOL =       {University of Freiburg},
  YEAR =         {2013},
  address = { Freiburg, Germany},
}

@BOOK{OCzienkiewicz2000,
  AUTHOR =       {O.C. Zienkiewicz and R. L. Taylor },
  TITLE =        {The Finite Element Method Fifth Edition Volume 1 : The Basis},
  PUBLISHER =    {Butterworth Heinemann},
  YEAR =         {2000},
  address =      {Oxford},
}

@INCOLLECTION{EDick2009,
  author      = {E. Dick},
  title       = {Introduction to Finite Element Methods in Computational Fluid Dynamics},
  editor      = { J. F. Wendt},
  booktitle   = {Computational Fluid Dynamics},
  publisher   = {Springer-Verlag Berlin Heidelberg},
  address     = {Berlin},
  year        = {2009},
  pages       = {235-274},
  chapter     = {10},
}
%10.1016/S0022-0248(02)01441-0
@ARTICLE{VSavolainen2002,
  AUTHOR =       {  V. Savolainen and J. Heikonen and J. Ruokolainen and O. Anttila and M. Laakso and J. Paloheimo},
  TITLE =        {Simulation of large-scale silicon melt flow in magnetic Czochralski growth},
  JOURNAL =      {Journal of Crystal Growth},
  YEAR =         {2002},
  volume =       {243},
  number =       {2},
  pages =        {243-260},
}

%http://egee-intranet.web.cern.ch/egee-intranet/User-Forum/
@INPROCEEDINGS{PRaback2007,
  AUTHOR =       {P. Raback and  P.-L. Forsstrom and  M. Lyly and M. Grohn},
  TITLE =        {Elmer - finite element package for the solution of partial differential equations},
  booktitle =    { EGEE User Forum},
  YEAR =         {2007},
  pages =        {},
  publisher = {EGEE User Forum},
  address = {Manchester, UK},
  url={},
}

%10.1016/j.medengphy.2007.12.008
@ARTICLE{EJarvinen2008,
  AUTHOR =       { Esko  Jarvinen and Peter Raback and Mikko Lyly and  Juha Pekka Salenius },
  TITLE =        {A method for partitioned fluid-structure interaction computation of flow in arteries},
  JOURNAL =      {Medical Engineering and Physics},
  YEAR =         {2008},
  volume =       {30},
  number =       {7},
  pages =        {917-923},
}

%http://www.nic.funet.fi/pub/sci/physics/elmer/doc/ElmerSolverManual.pdf
@techreport{JRuokolainen2015,
  title={ElmerSolver Manual},
  author={Juha Ruokolainen and Mika Malinen and Peter Raback and Thomas Zwinger and Antti Pursula and Mikko Byckling},
  year={2015},
  institution={CSC – IT Center for Science},
  url={},
  type={\notype},
}
%http://www.nic.funet.fi/pub/sci/physics/elmer/doc/ElmerModelsManual.pdf
@techreport{PRaback2016,
  title={Elmer Models Manual},
  author={Peter Raback and Mika Malinen and Juha Ruokolainen and Antti Pursula and Thomas Zwinger},
  year={2016},
  institution={CSC – IT Center for Science},
  url={},
  type={\notype},
}

%10.1007/s10404-008-0260-1
@ARTICLE{TSikanen2008,
  AUTHOR =       { Tiina Sikanen and Thomas Zwinger and Santeri Tuomikoski and Sami Franssila and Reijo Lehtiniemi and  Carl Magnus Fager and Tapio Kotiaho and Antti Pursula },
  TITLE =        {Temperature modeling and measurement of an electrokinetic separation chip},
  JOURNAL =      {Microfluidics and Nanofluidics},
  YEAR =         {2008},
  volume =       {5,
  number =       {4},
  pages =        {479-491},
}

@PHDTHESIS{SAdhikari2012,
  AUTHOR =       {Surendra Adhikari},
  TITLE =        {Advances in Modelling of Valley Glaciers},
  SCHOOL =       {University of Calgary},
  YEAR =         {2012},
  address = { Calgary,Alberta},
}
%%%%%%%%%%%%%%%%%%%%%%%%%%%%%%%%%%%%%upto here%%%%%%%%%%%%%%%%%%%%%%%%%%%%%%%%%%%%%%%%%%%%%%%%%%%%%%%%%%%%
%10.3189/2012JoG11J177
@ARTICLE{HSeddik2012,
  AUTHOR =       { Hakime Seddik and  Ralf Greve and Thomas Zwinger and Fabien Gillet-Chaulet and Olivier Gagliardini  },
  TITLE =        {Simulations of the Greenland ice sheet 100 years into the future with the full Stokes model Elmer/Ice},
  JOURNAL =      {Journal of Glaciology},
  YEAR =         {2012},
  volume =       {58},
  number =       {209},
  pages =        {427-440},
}

@BOOK{DKuzmin2014,
  AUTHOR =       {Dmitri Kuzmin and  Jari Hamalainen},
  TITLE =        {Finite Element Methods for Computational Fluid Dynamics: A Practical Guide},
  PUBLISHER =    {Society for Industrial and Applied Mathematics (SIAM)},
  YEAR =         {2014},
  address =      {Philadelphia},
}

@INPROCEEDINGS{ARibes2007,
  AUTHOR =       {Andre Ribes and  Christian Caremoli},
  TITLE =        {Salome platform component model for numerical simulation},
  booktitle =    { Computer Software and Applications Conference, 2007. COMPSAC 2007. 31st Annual International },
  YEAR =         {2007},
  pages =        {},
  publisher = {IEEE},
  address = {Beijing, China},
}

@INCOLLECTION{JAhrens2005,
  author      = {J. Ahrens and  B. Geveci  and C. Law},
  title       = {Visualization Handbook},
  editor      = { C. D. Hansen and C. R. Johnson},
  booktitle   = {},
  publisher   = {Elsevier},
  address     = {},
  year        = {2005},
  pages       = {},
  chapter     = {},
}

@BOOK{UAyachit2015,
  AUTHOR =       {Utkarsh Ayachit},
  TITLE =        {The Paraview Guide (Full Color Version) : A Parallel Visualization Application},
  PUBLISHER =    { Kitware, Incorporated },
  YEAR =         {2015},
  address =      {USA},
}

@INPROCEEDINGS{AKunwar2014,
  AUTHOR =       {Anil Kunwar and Haitao Ma and Junhao Sun and Lin   Qu and Shuang Li and Jiahui Liu},
  TITLE =        {A numerical model for diffusion driven gas bubble growth in molten Sn-based solder},
  booktitle =    {2014 15th International Conference on Electronic Packaging Technology, ICEPT 2014},
  YEAR =         {2014},
  pages =        {},
  publisher = {IEEE},
  address = {Chengdu, China},
}

@ARTICLE{AKunwar2015,
 AUTHOR =       { Anil Kunwar and Haitao Ma and Junhao Sun and  Shuang Li and Jiahui Liu },
 TITLE =        {Modeling the diffusion-driven growth of a pre-existing gas bubble in molten tin},
  JOURNAL =      {Metals and Materials International},
  YEAR =         {2015},
  volume =       {10.1007/s12540-015-4528-1},
  number =       {5},
  pages =        {962-970},
}
%10.1007/s00366-006-0049-3
@ARTICLE{BSkirk2006,
 AUTHOR =       { Benjamin S. Kirk and  John W. Peterson and  Roy H. Stogner and  Graham F. Carey },
 TITLE =        { libMesh : a C++ library for parallel adaptive mesh refinement/coarsening simulations},
  JOURNAL =      {Engineering with Computers},
  YEAR =         {2006},
  volume =       {22},
  number =       {3},
  pages =        { 237-254},
}

%@Misc
%
@ONLINE{SBalay2015,
 AUTHOR = {Satish Balay and Shrirang Abhyankar and Mark~F. Adams and Jed Brown and Peter Brune
                      and Kris Buschelman and Lisandro Dalcin and Victor Eijkhout and William~D. Gropp
                      and Dinesh Kaushik and Matthew~G. Knepley
                      and Lois Curfman McInnes and Karl Rupp and Barry~F. Smith
                      and Stefano Zampini and Hong Zhang},
TITLE=  {{PETS}c {W}eb page},
URL =    {http://www.mcs.anl.gov/petsc},
            howpublished = {\url{http://www.mcs.anl.gov/petsc}},
URLDATE = {2016-03-10},
YEAR = {2015},
          }
          
@INPROCEEDINGS{HPark2009,
  author      =  {H. Park and D. Gaston and  S. Kadioglu and  D. Knoll and  R. Martineau and W. Taitano and D. Lebrun-Grandie},
  booktitle   =  {International Conference on Mathematics, Computational Methods \& Reactor Physics (M\&C 2009)},
  title       =  {Tightly coupled multiphysics simulations for pebble bed reactors},
  year        =  {2009},
  pages       =  {},
  publisher   =  {American Nuclear Society},
  address     =  {LaGrange Park, IL },
}
% doi:10.1016/j.nucengdes.2009.05.021
@ARTICLE{DGaston2009NEAD,
 AUTHOR =       {     Derek Gaston and  Chris Newman  and Glen Hansen and  Damien Lebrun-Grandie },
 TITLE =        { MOOSE: A parallel computational framework for coupled systems of nonlinear equations},
  JOURNAL =      {Nuclear Engineering and Design},
  YEAR =         {2009},
  volume =       {239},
  number =       {10},
  pages =        { 1768–1778},
}

@INPROCEEDINGS{DGaston2009ICMCMRP,
  author      =  {D. Gaston and  G. Hansen and C. Newman},
  booktitle   =  {International Conference on Mathematics, Computational Methods \& Reactor Physics (M\&C 2009)},
  title       =  {MOOSE: A parallel computational framework for coupled systems of nonlinear equations},
  year        =  {2009},
  pages       =  {},
  publisher   =  {American Nuclear Society},
  address     =  {LaGrange Park, IL },
}
% doi:10.1016/j.commatsci.2011.07.028
@ARTICLE{MRtonks2012,
 AUTHOR =       {Michael R. Tonks and  Derek Gaston and  Paul C. Millett and  David Anderson and  Paul Talbot },
 TITLE =        { An object-oriented finite element framework for multiphysics phase field simulations},
  JOURNAL =      {Computational Materials Science},
  YEAR =         {2012},
  volume =       {51},
  number =       {1},
  pages =        { 20-29},
}
%         doi:10.1016/j.jcp.2003.08.010
@ARTICLE{DAknoll2003,
 AUTHOR =       { D.A. Knoll and D.E. Keyes},
 TITLE =        { Jacobian-free Newton–Krylov methods: a survey of approaches and applications},
  JOURNAL =      {Journal of Computational Physics},
  YEAR =         {2003},
  volume =       {193},
  number =       {2},
  pages =        {  357–397},
}
%doi:10.1016/j.commatsci.2015.10.009
@ARTICLE{AMjokisaari2015,
 AUTHOR =       { A.M. Jokisaari and  C. Permann and K. Thornton},
 TITLE =        { A nucleation algorithm for the coupled conserved–nonconserved phase field model},
  JOURNAL =      {Computational Materials Science},
  YEAR =         {2016},
  volume =       {},
  number =       {A1},
  pages =        {  128–138},
}

@ARTICLE{JEguyer2009,
 AUTHOR =       { J. E. Guyer and  D. Wheeler and J. A. Warren},
 TITLE =        { FiPy: Partial Differential Equations with Python},
  JOURNAL =      {Computing in Science \& Engineering},
  YEAR =         {2009},
  volume =       { doi:10.1109/MCSE.2009.52},
  number =       {3},
  pages =        {6—15},
}

@PHDTHESIS{TNcroft1998,
  AUTHOR =       {T. N. Croft },
  TITLE =        {Unstructured Mesh - Finite Volume Algorithms for Swirling, Turbulent Reacting Flows},
  SCHOOL =       {University of Greenwich},
  YEAR =         {1998},
  address = { Greenwich,UK},
}

@BOOK{SVpatankar1980,
  AUTHOR =       {S. V. Patankar},
  TITLE =        {Numerical Heat Transfer and Fluid Flow},
  PUBLISHER =    {Taylor and Francis},
  YEAR =         {1980},
  address =      {},
}

@BOOK{HKversteeg1995,
  AUTHOR =       {H. K. Versteeg and W. Malalasekera},
  TITLE =        {An Introduction to Computational Fluid Dynamics},
  PUBLISHER =    {Longman Scientific and Technical},
  YEAR =         {1995},
  address =      {},
}

@ARTICLE{CMattiussi1997,
 AUTHOR =       { C. Mattiussi},
 TITLE =        {  An analysis of finite volume, finite element, and finite difference methods using some concepts from algebraic topology },
  JOURNAL =      {Journal of Computational Physics},
  YEAR =         {1997},
  volume =       { 133},
  number =       {},
  pages =        {289–309},
}


@ARTICLE{WJboettinger2002,
 AUTHOR =       { W. J. Boettinger and J. A. Warren and  C. Beckermann  and A. Karma},
 TITLE =        { Phase-field simulation of solidification },
  JOURNAL =      {Annual Review of Materials Research},
  YEAR =         {2002},
  volume =       { doi:10.1146/annurev.matsci.32.101901.155803},
  number =       {},
  pages =        {163–194},
}

@ARTICLE{LQchen2002,
 AUTHOR =       { L. Q. Chen  },
 TITLE =        { Phase-field mdoels for microstructure evolution. },
  JOURNAL =      {Annual Review of Materials Research},
  YEAR =         {2002},
  volume =       {doi:10.1146/annurev.matsci.32.112001.132041},
  number =       {},
  pages =        {113–140},
}

@ARTICLE{GBmcfadden2002,
 AUTHOR =       { G. B. McFadden },
 TITLE =        { Phase-field models of solidification },
  JOURNAL =      {Contemporary Mathematics},
  YEAR =         {2002},
  volume =       {306},
  number =       {},
  pages =        {107–145},
}

@ARTICLE{DMsaylor2011,
 AUTHOR =       { David M Saylor and  Jonathan E Guyer and Daniel Wheeler and James A Warren  },
 TITLE =        { Predicting microstructure development during casting of drug-eluting coatings },
  JOURNAL =      {Acta Biomaterialia},
  YEAR =         {2011},
  volume =       {doi:10.1016/j.actbio.2010.09.019},
  number =       {2},
  pages =        {604–613},
}

@ARTICLE{DWheeler2010,
 AUTHOR =       { Daniel Wheeler and James A. Warren and William J. Boettinger },
 TITLE =        { Modeling the early stages of reactive wetting },
  JOURNAL =      {Physical Review E},
  YEAR =         {2010},
  volume =       {doi:10.1103/PhysRevE.82.051601},
  number =       {5},
  pages =        {051601},
}

@ARTICLE{CMhangarter2011,
 AUTHOR =       {C. M Hangarter and B. H Hamadani and J. E Guyer and  H Xu and  R Need and D Josell},
 TITLE =        { Three dimensionally structured interdigitated back contact thin film heterojunction solar cells },
  JOURNAL =      {Journal of Applied Physics},
  YEAR =         {2011},
  volume =       {doi:10.1063/1.3561487},
  number =       {7},
  pages =        {073514},
}

@ARTICLE{DJosell2001,
 AUTHOR =       { D. Josell and D. Wheeler and W. H. Huber and T. P. Moffat },
 TITLE =        { Superconformal electrodeposition in submicron features},
  JOURNAL =      {Physical Review Letters},
  YEAR =         {2001},
  volume =       {doi:10.1103/PhysRevLett.87.016102},
  number =       {1},
  pages =        {016102},
}

@ARTICLE{BSundman2015IMMI,
 AUTHOR =       { Bo Sundman  and  Ursula R Kattner and  Mauro Palumbo and Suzana G Fries },
 TITLE =        { OpenCalphad - a free thermodynamic software },
  JOURNAL =      {Integrating Materials and Manufacturing Innovation},
  YEAR =         {2015},
  volume =       {doi:10.1186/s40192-014-0029-1},
  number =       {1 },
  pages =        {1-15},
}

%@Misc

@ONLINE{DGgoodwin2014,
   author = "David G. Goodwin and Harry K. Moffat and Raymond L. Speth",
   title = "Cantera: An Object-oriented Software Toolkit for Chemical
            Kinetics, Thermodynamics, and Transport Processes",
   year = 2014,
   note = "Version 2.1.1",
   url = "{http://www.cantera.org}",
   howpublished = "{\url{http://www.cantera.org}}",
}

@INPROCEEDINGS{HMuller2013,
  AUTHOR =       {H. Muller and  F. Ferraro and  M. Pfitzner},
  TITLE =        {Implementation of a Steady Laminar Flamelet Model for non-premixed combustion in LES and RANS simulations},
  booktitle =    {8th International OpenFOAM Workshop },
  YEAR =         {2013},
  pages =        {1-11},
  publisher = {},
  address = {Jeju,Korea },
  url = {http://openfoam-extend.sourceforge.net/OpenFOAM_Workshops/OFW8_2013_Jeju/index-2.html},
}

@INPROCEEDINGS{AAndreasen2010,
  author      =  {Anders Andreasen and Stefan Mayer},
  booktitle   =  {CIMAC Congress 2010},
  title       =  {Modelling of the oxidation of fuel sulfur in low speed two-stroke Diesel engines},
  year        =  {2010},
  pages       =  {},
  publisher   =  { INTERNATIONAL COUNCIL ON COMBUSTION ENGINES},
  address     =  {Bergen },
}


@PHDTHESIS{BWweber2014,
  AUTHOR =       {Bryan William Weber },
  TITLE =        {High Pressure Ignition Chemistry of Alternative Fuels},
  SCHOOL =       {University of Connecticut},
  YEAR =         {2014},
  address = {Connecticut,USA},
}

%@Misc
@ONLINE{CMreid2016,
   author = "Charles Martin Reid",
   title = "Fipy and Cantera",
   year = 2016,
   note = "",
   url = "{http://charlesmartinreid.com/wiki/Fipy_and_Cantera}",
   howpublished = "{\url{http://charlesmartinreid.com/wiki/Fipy_and_Cantera}}",
}

@ARTICLE{BSundman2015CMS,
 AUTHOR =       { Bo Sundman  and  Xiao-Gang Lu and  Hiroshi Ohtani },
 TITLE =        { The implementation of an algorithm to calculate thermodynamic equilibria for multi-component systems with non-ideal phases in a free software },
  JOURNAL =      {Computational Materials Science},
  YEAR =         {2015},
  volume =       {doi:10.1016/j.commatsci.2015.01.029},
  number =       {},
  pages =        {127–137},
}


%@Misc
@ONLINE{OCgithub2016,
   author = " Bo Sundman ",
   title = "Open Calphad, thermodynamic calculation code (test) \url{http://www.opencalphad.org} ",
   year = 2016,
   note = "Version 3",
   url = "{https://github.com/sundmanbo/opencalphad}",
   howpublished = "{\url{https://github.com/sundmanbo/opencalphad}}",
}

@ARTICLE{BSundman2015Calphad,
 AUTHOR =       { Bo Sundman and Mauro Palumbo and Ursula R Kattner and Suzana G Fries },
 TITLE =        { [P79] New features implemented in the Open Calphad software project},
  JOURNAL =      {CALPHAD: Computer Coupling of Phase Diagrams and Thermochemistry},
  YEAR =         {2015},
  volume =       {doi:10.1016/j.calphad.2015.01.167},
  number =       {},
  pages =        { 398},
}

@ARTICLE{CCardon2016,
 AUTHOR =       { C. Cardon and  R. Le Tellier and M. Plapp },
 TITLE =        { Modelling of liquid phase segregation in the Uranium–Oxygen binary
system},
  JOURNAL =      {CALPHAD: Computer Coupling of Phase Diagrams and Thermochemistry},
  YEAR =         {2016},
  volume =       {doi:10.1016/j.calphad.2015.10.005},
  number =       {},
  pages =        {47–56},
}

@BOOK{HLlukas2007,
  AUTHOR =       {Hans Leo Lukas and Suzana G. Fries and Bo Sundman},
  TITLE =        {Computational Thermodynamics The Calphad Method},
  PUBLISHER =    {Cambridge University Press},
  YEAR =         {2007},
  address =      {Cambridge},
}

@INCOLLECTION{MTheriault2004,
  author      = { Martin Theriault and Jason Uner  and Armin Rahn},
  title       = {Use of Inert Atmospheres in Lead-Free Soldering},
  editor      = { Karl J . Puttlitz and Kathleen A . Stalter },
  booktitle   = {Handbook of Lead-Free Solder Technology for Microelectronic Assemblies},
  publisher   = {CRC Press},
  address     = {},
  year        = {2004},
  pages       = {1-22},
  chapter     = {15},
}

@ARTICLE{SXu2006,
 AUTHOR =       { Si-xiang XU and Shu-sen WU and You-wu MAO and  Ping AN and Pei-qing GAO  },
 TITLE =        { Variation of hydrogen level in magnesium alloy melt },
  JOURNAL =      {China Foundry},
  YEAR =         {2006},
  volume =       {3},
  number =       {4},
  pages =        {275–278},
}


@ARTICLE{MVlototskyy2014,
 AUTHOR =       {     M.V. Lototskyy and V.A. Yartys and B.G. Polleta and  R.C. Bowman Jr. },
 TITLE =        {Metal hydride hydrogen compressors: A review },
  JOURNAL =      {International Journal of Hydrogen Energy},
  YEAR =         {2014},
  volume =       {doi:10.1016/j.ijhydene.2014.01.158},
  number =       {11},
  pages =        { 5818–5851},
}


@ARTICLE{RSasikumar2008,
 AUTHOR =       {Roschen Sasikumar and Michael J Walker and  S Savithri and Suresh Sundarraj },
 TITLE =        {Initiation of microporosity from pre-existing bubbles: a computational study },
  JOURNAL =      {Modelling Simul. Mater. Sci. Eng.},
  YEAR =         {2008},
  volume =       {doi:10.1088/0965-0393/16/3/035009},
  number =       {3},
  pages =        { 035009(1-14)},
}

@ARTICLE{GRjiang2011,
 AUTHOR =       {Guang-rui JIANG and  Yan-xiang LI and Yuan LIU},
 TITLE =        {Influence of solidification mode on pore structure of directionally solidified porous Cu-Mn alloy },
  JOURNAL =      {Transactions of Nonferrous Metals Society of China},
  YEAR =         {2011},
  volume =       {doi:10.1016/S1003-6326(11)60682-1},
  number =       {1},
  pages =        {88–95},
}

@INCOLLECTION{ABurcat1984,
  author      = { Alexander Burcat},
  title       = {Thermochemical Data for Combustion Calculations},
  editor      = { 	William C. Gardiner },
  booktitle   = {Combustion Chemistry},
  publisher   = {Springer US},
  address     = {New York},
  year        = {1984},
  pages       = {455-473},
  chapter     = {8},
}


@ONLINE{ABurcat2014,
   author = " Alexander Burcat ",
   title = "Prof. Burcat's  Thermodynamic Data  ",
   year = 2014,
   note = "",
   url = "{http://garfield.chem.elte.hu/Burcat/burcat.html}",
   howpublished = "{\url{http://garfield.chem.elte.hu/Burcat/burcat.html}}",
}


@INPROCEEDINGS{HMa2012,
  author      =  {H. T. Ma and L. Qu and  H. J. Zhao and J. Wang and L. Y. Gu and  L. L. An and M. L. Huang},
  booktitle   =  {International Conference on Electronics Packaging Technology(ICEPT)},
  title       =  {In-situ study on the formation and evolution behavior of voids at the interface during soldering process by synchrotron radiation real-time imaging technology},
  year        =  {2012},
  pages       =  {},
  publisher   =  {IEEE },
  address     =  {Guilin, China },
}


@ARTICLE{WBohara1995,
 AUTHOR =       {W. B. O’Hara and N.-C,Lee},
 TITLE =        {Voiding in BGAs },
  JOURNAL =      {Solder. Surf. Mt. Technol.},
  YEAR =         {1995},
  volume =       {http://dx.doi.org/10.1108/eb037911},
  number =       {3},
  pages =        {44-48},
}

@ARTICLE{VLyakhovsky1996,
 AUTHOR =       {Vladimir Lyakhovsky and  Shaul Hurwitz and  Oded Navon},
 TITLE =        {Bubble growth in rhyolitic melts: experimental and numerical investigation },
  JOURNAL =      {Bulletin of Volcanology},
  YEAR =         {1996},
  volume =       {10.1007/s004450050122},
  number =       {1},
  pages =        {19-32},
}

@ARTICLE{JFradera2013,
 AUTHOR =       {J. Fradera and  S. Cuesta-Lopez},
 TITLE =        {Impact of nuclear irradiation on helium bubble nucleation at interfaces in liquid metals coupled to permeation through stainless steels },
  JOURNAL =      {Fusion Engineering and Design},
  YEAR =         {2013},
  volume =       {doi:10.1016/j.fusengdes.2013.11.002},
  number =       {1},
  pages =        {16-24},
}

@ARTICLE{MRamiasa2014,
 AUTHOR =       {    Melanie Ramiasa and John Ralston and Renate Fetzer and Rossen Sedev},
 TITLE =        {The influence of topography on dynamic wetting},
  JOURNAL =      {Advances in Colloid and Interface Science},
  YEAR =         {2014},
  volume =       {        doi:10.1016/j.cis.2013.04.005},
  number =       {},
  pages =        {275–293},
}

@ARTICLE{DBonn2009,
 AUTHOR =       {Daniel Bonn and Jens Eggers and Joseph Indekeu and Jacques Meunier and Etienne Rolley},
 TITLE =        {Wetting and spreading},
  JOURNAL =      {Reviews of Modern Physics},
  YEAR =         {2009},
  volume =       {doi:10.1103/RevModPhys.81.739},
  number =       {},
  pages =        {739-805},
}

@ARTICLE{DErtas1994,
 AUTHOR =       {Deniz Ertas and Mehran Kardar},
 TITLE =        {Critical dynamics of contact line depinning},
  JOURNAL =      {Physical Review E},
  YEAR =         {1994},
  volume =       {doi:10.1103/PhysRevE.49.R2532},
  number =       {},
  pages =        {R2532-36},
}

@INPROCEEDINGS{SJkrumbein1987,
  AUTHOR =       {S.J. Krumbein },
  TITLE =        {Metallic Electromigration Phenomenon},
  booktitle =    {33rd Meeting of the IEEE Holm Conf. on ‘Electrical Contacts’},
  YEAR =         {1987},
  pages =        {},
  publisher = {},
  address = {Chicago, Illinois},
}
@ARTICLE{MLhuang2013,
 AUTHOR =       { M. L. Huang and Z. J. Zhang and N. Zhao and Q. Zhou },
 TITLE =        {A synchrotron radiation real-time in situ imaging study on the reverse polarity effect in Cu/Sn-9Zn/Cu interconnect during liquid-solid electromigration},
  JOURNAL =      {Scripta Materialia},
  YEAR =         {2013},
  volume =       {DOI:10.1016/j.scriptamat.2013.02.007},
  number =       {},
  pages =        {853-856},
}

@ARTICLE{MLhuang2015JAC,
 AUTHOR =       { M. L. Huang and Z. J. Zhang and N. Zhao and F. Yang},
 TITLE =        {In situ study on reverse polarity effect in Cu/Sn–9Zn/Ni interconnect undergoing liquid–solid electromigration},
  JOURNAL =      {Journal of Alloys and Compounds},
  YEAR =         {2015},
  volume =       {DOI:10.1016/j.jallcom.2014.08.263},
  number =       {},
  pages =        {667-675},
}

@ARTICLE{WYue2014,
 AUTHOR =       {Wu Yue and Hong Bo Qin and Min Bo Zhou and Xiao Ma and Xin Ping Zhang},
 TITLE =        {Electromigration induced microstructure evolution and damage in asymmetric Cu/Sn-58Bi/Cu solder interconnect under current stressing},
  JOURNAL =      {Transactions of Nonferrous Metals Society of China},
  YEAR =         {2014},
  volume =       {DOI:10.1016/S1003-6326(14)63233-7},
  number =       {},
  pages =        {1619-1628},
}

@ARTICLE{LQu2015,
 AUTHOR =       {Lin Qu and Ning Zhao and Haitao Ma and  Huijing Zhao and Mingliang Huang},
 TITLE =        {In Situ Study on Current Density Distribution and Its Effect on Interfacial Reaction in a Soldering Process},
  JOURNAL =      {Journal of Electronic Materials},
  YEAR =         {2015},
  volume =       {DOI:10.1007/s11664-014-3343-7},
  number =       {1},
  pages =        {467-474},
}


%@ARTICLE{TYlee2001,
% AUTHOR =       {T. Y. Lee and  K. N. Tu and S. M. Kuo and D. R. Frear},
% TITLE =        {Electromigration of eutectic SnPb solder interconnects for flip chip technology},
%  JOURNAL =      {Journal of Applied Physics},
%  YEAR =         {2001},
%  volume =       {doi:10.1063/1.1400096},
 % number =       {9},
 % pages =        {4502-08},
%}


@ARTICLE{KPchae2005,
 AUTHOR =       { Kwang Pyo Chae},
 TITLE =        {Effective Charge Number and Critical Current Density in Eutetic SnPb and Pb Free Flip Chip Solder Bumps},
  JOURNAL =      {Journal of KWS},
  YEAR =         {2005},
  volume =       {23},
  number =       {5},
  pages =        {49-54},
}

@ARTICLE{KNtu1982,
 AUTHOR =       {K.N. Tu and  R.D. Thompson},
 TITLE =        {Kinetics of interfacial reaction in bimetallic Cu-Sn thin films},
  JOURNAL =      {Acta Metallurgica},
  YEAR =         {1982},
  volume =       {doi:10.1016/0001-6160(82)90201-2},
  number =       {5},
  pages =        {947-952},
}

@ARTICLE{PSho1966,
 AUTHOR =       {Paul S. Ho and  H.B. Huntington},
 TITLE =        {Kinetics of interfacial reaction in bimetallic Cu-Sn thin films},
  JOURNAL =      {J. Phys. Chem. Solids},
  YEAR =         {1966},
  volume =       {doi:10.1016/0038-1098(66)90244-4},
  number =       {},
  pages =        {1319-1329},
}

@ARTICLE{YKang2005,
 AUTHOR =       { Y. Kang and C. Yang  and X. Huang},
 TITLE =        {Joule Heating Induced Transient Temperature Field and Its Effects on Electroosmosis in a Microcapillary Packed with Microspheres},
  JOURNAL =      {Langmuir},
  YEAR =         {2005},
  volume =       {doi:10.1021/la050061g},
  number =       {16},
  pages =        {7598-7607},
}

@ARTICLE{JHmeng2013,
 AUTHOR =       { Jing-Hui Meng and Xiao-Dong Wang and Xin-Xin Zhang},
 TITLE =        {Transient modeling and dynamic characteristics of thermoelectric cooler},
  JOURNAL =      {Applied Energy},
  YEAR =         {2013},
  volume =       {doi:10.1016/j.apenergy.2013.03.051},
  number =       {},
  pages =        {340–348},
}


@techreport{TSiewert2002,
  title={Properties of Lead-Free Solders Release 4.0},
  author={Thomas Siewert and  Stephen Liu and  David R Smith and Juan Carlos Madeni },
  year={2002},
  institution={National Institute of Standards and Technology \& Colorado School of Mines},
  type={\notype},
}

@techreport{SSharafat2000,
  title={Summary of Thermo-Physical Properties of Sn , And Compounds of Sn-H, Sn-O, Sn-C, Sn-Li, and Sn-Si And Comparison of Properties of Sn , Sn-Li , Li , and Pb-Li},
  author={S Sharafat and N Ghoniem},
  year={2000},
  institution={University of California Los Angeles, UCLA-UCMEP-00-31 Report},
  type={\notype},
}

@techreport{CSchmetterer2006,
  title={Database for Properties of Lead-Free Solder Alloys Version 1.0},
  author={Clemens Schmetterer and Adolf Mikula and Herbert Ipser},
  year={2006},
  institution={University of Vienna,Vienna, Project Report for Joint Project of ELFNET and COST 531 Action},
  type={\notype},
}

@ARTICLE{BLsilva2015,
 AUTHOR =       { Bismarck L. Silva and and Noe Cheung Amauri Garcia and Jose E. Spinelli, },
 TITLE =        {Sn–0.7 wt%Cu–(xNi) alloys: Microstructure–mechanical properties correlations with solder/substrate interfacial heat transfer coefficient},
  JOURNAL =      {Journal of Alloys and Compounds},
  YEAR =         {2015},
  volume =       {doi:10.1016/j.jallcom.2015.01.140},
  number =       {},
  pages =        {274-285},
}

@ARTICLE{HTma2015,
 AUTHOR =       { Haitao Ma and  Anil Kunwar and Junhao Sun and Bingfeng Guo and Haoran Ma},
 TITLE =        {In situ study on the increase of intermetallic compound thickness at
anode of molten tin due to electromigration of copper},
  JOURNAL =      {Scripta Materialia},
  YEAR =         {2015},
  volume =       {doi:10.1016/j.scriptamat.2015.05.027},
  number =       {},
  pages =        {88-91},
}

@ARTICLE{MJrizvi2009,
 AUTHOR =       { M.J. Rizvi and H. Lu and C. Bailey},
 TITLE =        {Modeling the diffusion of solid copper into liquid solder alloys},
  JOURNAL =      {Thin Solid Films},
  YEAR =         {2009},
  volume =       {doi:10.1016/j.tsf.2008.09.105},
  number =       {5},
  pages =        {1686–1689},
}

@ARTICLE{REkrzhizhanovskii1974,
 AUTHOR =       {     R. E. Krzhizhanovskii and N. P. Sidorova and I. A. Bogdanova},
 TITLE =        {Experimental investigation of the electrical resistivity of some molten bismuth-tin binary alloys and of the thermal conductivity of bismuth, tin, and a eutectic bismuth-tin alloy},
  JOURNAL =      {Journal of engineering physics},
  YEAR =         {1974},
  volume =       {doi:10.1007/BF00827284},
  number =       {1},
  pages =        {33-36},
}

@ARTICLE{KNtu2003,
 AUTHOR =       { K. N. Tu and A. M. Gusak and I. Sobchenko},
 TITLE =        {Linear rate of grain growth in thin films during deposition},
  JOURNAL =      {Physical Review B},
  YEAR =         {2003},
  volume =       {doi:10.1103/PhysRevB.67.245408},
  number =       {},
  pages =        {245408(1-5)},
}
@BOOK{VIdybkov2013,
  AUTHOR =       {V. I. Dybkov},
  TITLE =        {Chemical Kinetics},
  PUBLISHER =    {IPMS Publications},
  YEAR =         {2013},
  address =      {Kyiv},
}

@ARTICLE{OMabdelhadi2012,
 AUTHOR =       { Ousama M. Abdelhadi and Leila Ladani },
 TITLE =        {IMC growth of Sn-3.5Ag/Cu system: Combined chemical reaction and diffusion mechanisms},
  JOURNAL =      {Journal of Alloys and Compounds},
  YEAR =         {2012},
  volume =       {10.1016/j.jallcom.2012.04.068},
  number =       {},
  pages =        {87-99},
}

@ARTICLE{MSpark2010,
 AUTHOR =       { M.S. Park and  R. Arroyave},
 TITLE =        {Formation and Growth of Intermetallic Compound Cu6Sn5 at Early Stages in Lead-Free Soldering},
  JOURNAL =      {Journal of Electronic Materials},
  YEAR =         {2010},
  volume =       {doi:10.1007/s11664-010-1353-7},
  number =       {12},
  pages =        {2574-2582},
}

@ARTICLE{CHma1960,
 AUTHOR =       { C.H. Ma and R.A. Swalin },
 TITLE =        {A Study of Solute Diffusion in Liquid Tin},
  JOURNAL =      {Acta Metallurgica},
  YEAR =         {1960},
  volume =       {8},
  number =       {},
  pages =        {388-395},
}

@ARTICLE{JHke2012,
 AUTHOR =       {J. H. Ke and H. Y. Chuang and  W. L. Shih and C. R. Kao},
 TITLE =        {Mechanism for serrated cathode dissolution in Cu/Sn/Cu interconnect under electron current stressing},
  JOURNAL =      {Acta Materialia},
  YEAR =         {2012},
  volume =       {doi:10.1016/j.actamat.2011.12.021},
  number =       {5},
  pages =        {2082-2090},
}

@ARTICLE{MLHuang2014,
 AUTHOR =       { M. L. Huang and  F. Yang},
 TITLE =        {Size effect model on kinetics of interfacial reaction between Sn-xAg-yCu solders and Cu substrate},
  JOURNAL =      {Scientific Reports},
  YEAR =         {2014},
  volume =       {doi:10.1038/srep07117},
  number =       {},
  pages =        {7117(1-9)},
}

@ARTICLE{MEslamian2010,
 AUTHOR =       { Morteza Eslamian and Fatemeh Sabzi and  M Ziad Saghir},
 TITLE =        {Modeling of thermodiffusion in liquid metal alloys.},
  JOURNAL =      {Physical chemistry chemical physics : PCCP},
  YEAR =         {2010},
  volume =       {doi:10.1039/c0cp00781a},
  number =       {41},
  pages =        {13835-13848},
}

@ARTICLE{SSrinivasan2011,
 AUTHOR =       { Seshasai Srinivasan and M. Ziad Saghir },
 TITLE =        {Experimental approaches to study thermodiffusion - A review},
  JOURNAL =      {International Journal of Thermal Sciences},
  YEAR =         {2011},
  volume =       {doi:10.1016/j.ijthermalsci.2011.02.022},
  number =       {},
  pages =        {1125-1137},
}

@ARTICLE{HWipf1976,
 AUTHOR =       {H. Wipf},
 TITLE =        {The Gorsky Effect, Electrotransport and Thermotransport of Hydrogen in Metals},
  JOURNAL =      {Journal of the Less-Common Metals},
  YEAR =         {1976},
  volume =       {49},
  number =       {},
  pages =        {291-307},
}

@ARTICLE{HTma2012,
 AUTHOR =       {H.T. Ma and L. Qu and M.L. Huang and L.Y. Gu and N. Zhao and L. Wang},
 TITLE =        {In-situ study on growth behavior of Ag$_3$Sn in Sn–3.5Ag/Cu soldering reaction by synchrotron radiation real-time imaging technology},
  JOURNAL =      {Journal of Alloys and Compounds},
  YEAR =         {2012},
  volume =       {doi:10.1016/j.jallcom.2012.05.055},
  number =       {},
  pages =        {286-290},
}

@ARTICLE{MNislam2005,
 AUTHOR =       {M.N. Islam and Ahmed Sharif and Y. C. Chan },
 TITLE =        {Effect of volume in interfacial reaction between eutectic Sn-Pb solder and Cu metallization in microelectronic packaging},
  JOURNAL =      {Journal of Electronic Materials},
  YEAR =         {2005},
  volume =       {doi:10.1016/j.mseb.2003.09.003},
  number =       {2},
  pages =        {143-149},
}

@ARTICLE{HTma2013,
 AUTHOR =       {Hai-Tao Ma and Jie Wang and Lin Qu and Ning Zhao and Anil Kunwar},
 TITLE =        {A Study on the Physical Properties and Interfacial Reactions with Cu Substrate of Rapidly Solidified Sn-3.5Ag Lead-Free Solder},
  JOURNAL =      {Journal of Electronic Materials},
  YEAR =         {2013},
  volume =       {doi:10.1007/s11664-013-2615-y},
  number =       {8},
  pages =        {2686-2695},
}

@ARTICLE{EMsacris1970,
 AUTHOR =       {E. M. Sacris and N. A. D. Parlee},
 TITLE =        {The diffusion of hydrogen in liquid Ni, Cu, Ag, and Sn},
  JOURNAL =      {Metallurgical Transactions},
  YEAR =         {1970},
  volume =       {doi:10.1007/BF03037867},
  number =       {12},
  pages =        {3377-3382},
}


@ARTICLE{NZhao2009,
 AUTHOR =       {N. Zhao and  X.M. Pan and  D.Q. Yu and  H.T. Ma and L. Wang},
 TITLE =        {Viscosity and Surface Tension of Liquid Sn-Cu Lead-Free Solders},
  JOURNAL =      {Journal of Electronic Materials },
  YEAR =         {2009},
  volume =       {doi:DOI: 10.1007/s11664-008-0611-4},
  number =       {6},
  pages =        {828-833},
}

@ARTICLE{TGancarz2013,
 AUTHOR =       {Tomasz Gancarz and  Wladyslaw Gąsior and Hani Henein},
 TITLE =        {Physicochemical Properties of Sb, Sn, Zn, and Sb–Sn System},
  JOURNAL =      {International Journal of Thermophysics},
  YEAR =         {2013},
  volume =       {doi:10.1007/s10765-013-1407-1},
  number =       {2},
  pages =        { 250-266},
}

@ARTICLE{TGancarz2011,
 AUTHOR =       {Tomasz Gancarz and  Zbigniew Moser and Wladyslaw Gąsior and Janusz Pstrus and Hani Henein},
 TITLE =        {A Comparison of Surface Tension, Viscosity, and Density of Sn and Sn–Ag Alloys Using Different Measurement Techniques},
  JOURNAL =      {International Journal of Thermophysics},
  YEAR =         {2011},
  volume =       {doi:10.1007/s10765-013-1407-1},
  number =       {6},
  pages =        { 1210-1233 },
}

@techreport{SKaragadde2008,
  title={Modeling Growth and Movement of Hydrogen Bubbles in Aluminum Castings},
  author={Shyamprasad Karagadde},
  year={2008},
  institution={Indian Institute of Science, Bangalore},
  type={\notype},
}

@ARTICLE{SKaragadde2009,
 AUTHOR =       { Shyamprasad Karagadde and Suresh Sundarraj and Pradip Dutta},
 TITLE =        {Modeling growth of hydrogen bubbles in aluminum castings using the level-set method},
  JOURNAL =      {Scripta Materialia},
  YEAR =         {2009},
  volume =       {doi:10.1016/j.scriptamat.2009.03.043},
  number =       {2},
  pages =        { 216-219 },
}

@ARTICLE{XHu2014,
 AUTHOR =       { Xiaowei Hu and  Yechun Wang and  Liejin Guo and Zhenshan Cao},
 TITLE =        {Diffusion-Controlled Growth of Oxygen Bubble Evolved from Nanorod-Array TiO2 Photoelectrode},
  JOURNAL =      {Scripta Materialia},
  YEAR =         {2014},
  volume =       {doi:10.1155/2014/970891},
  number =       {5},
  pages =        {970891(1-5)},
}

@ONLINE{FFfondeur2000,
 AUTHOR = {F. F. Fondeur, D. D. Walker, W. R. Wilmarth, and S. D. Fink},
TITLE=  {Bubble Formation Modeling in IE-911},
URL =    {http://sti.srs.gov/fulltext/tr2000161/tr2000161.html},
            howpublished = {\url{http://sti.srs.gov/fulltext/tr2000161/tr2000161.htm}},
URLDATE = {2014-05-22},
YEAR = {2014},
          }
          
@ARTICLE{AKkhurana1998,
 AUTHOR =       { A. K. Khurana and H. Chen and and C. G. Wall},
 TITLE =        {Nucleation of Gas Bubbles in Surface Irregularities},
  JOURNAL =      {Chemical Engineering Communications},
  YEAR =         {1998},
  volume =       {doi:10.1080/00986449808912376},
  number =       {1},
  pages =        {199-215},
}

@ARTICLE{JOsuh2006,
 AUTHOR =       {J. O. Suh and K. N. Tu and N. Tamura},
 TITLE =        {A synchrotron radiation x-ray microdiffraction study on orientation relationships between a Cu$_6$ Sn$_5$ and Cu substrate in solder joints},
  JOURNAL =      {JOM},
  YEAR =         {2006},
  volume =       {doi:10.1007/s11837-006-0185-7},
  number =       {6},
  pages =        {63-66},
}

@INPROCEEDINGS{HYe2004,
  author      =  {Hua Ye and  Cemal Basaran and Douglas C. Hopkins and Darrel Frear and Jong-Kai Lin },
  booktitle   =  {Electronics Components and Technology Conference},
  title       =  {Damage Mechanics of Microelectronics Solder Joints under High Current Densities},
  year        =  {2004},
  pages       =  {988-997},
  publisher   =  {IEEE },
  address     =  {Las Vegas, NV, USA},
}

@ARTICLE{CChen2010,
 AUTHOR =       {Chih Chen and H.M. Tong and K.N. Tu},
 TITLE =        {Electromigration and Thermomigration in Pb-Free Flip-Chip Solder Joints},
  JOURNAL =      {JOM},
  YEAR =         {2010},
  volume =       {DOI:10.1146/annurev.matsci.38.060407.130253},
  number =       {1},
  pages =        {531-555},
}

@ARTICLE{MLhuang2016,
 AUTHOR =       {M.L. Huang and F. Yang and  N. Zhao},
 TITLE =        {Thermomigration-induced asymmetrical precipitation of Ag3Sn plates in micro-scale Cu/Sn–3.5Ag/Cu interconnects},
  JOURNAL =      {Materials \& Design},
  YEAR =         {2016},
  volume =       {DOI:10.1016/j.matdes.2015.09.042},
  number =       {},
  pages =        {116-120},
}




@INPROCEEDINGS{5246829,
  author      =  {Ahmedin M. Ahmed and Feng Xia and Nana Y. Asabere and Hannan B. Liaqat and Jie Li},
  booktitle   =  {Proceedings of IEEE International Conference on Cyber, Physical and Social Computing (IEEE CPSCom)},
  title       =  {Social Community-Partition Aware Replica Allocation in Ad-hoc Social Networks},
  year        =  {2013},
  pages       =  {834-841},
  publisher   =  {IEEE Communication Society},
  address     =  {Beijing, China},
}

@INPROCEEDINGS{4358014,
  AUTHOR =       {Ahmedin M. Ahmed and Qiuyuan Yang and Nana Y. Asabere and Tie Qiu and Feng Xia},
  TITLE =        {ComPAS: Maximizing Data Availability With Replication in Ad-hoc Social Networks},
  BOOKTITLE =    {The International World Wide Web Conference (WWW) - Poster Track},
  YEAR =         {2014},
  pages =        {215-216},
  publisher = {ACM},
  address = {Seoul, Korea},
}

@INPROCEEDINGS{C2008,
  author =       {Chi Zhang and Yang Song and Yuguang Fang},
  title =        {Modeling Secure Connectivity of Self-organized Wireless Ad-hoc Networks},
  booktitle =    {Proceedings of IEEE International Conference on Computer Communication (INFOCOM)},
  year =         {2008},
  pages =        {825-833},
  publisher = {IEEE Communication Society},
  address = { Phoenix, AZ, USA},
}

@ARTICLE{THara2009,
  AUTHOR =       {Takahiro Hara and Sanjay Kumar Madria},
  TITLE =        {Consistency Management Strategies for Data Replication in Mobile Ad-hoc Networks},
  JOURNAL =      {IEEE Transactions on Mobile Computing},
  YEAR =         {2009},
  volume =       {8},
  number =       {7},
  pages =        {950-967},
}

@ARTICLE{YZhu2013,
  AUTHOR =       {Y Zhu and B Xu and X Shi and Y Wang},
  TITLE =        {A Survey of Social-based Routing in Delay Tolerant Networks: Positive and Negative Social Effects},
  JOURNAL =      {IEEE Communications Surveys \& Tutorials},
  YEAR =         {2013},
  volume =       {15},
  number =       {1},
  pages =        {387-401},
}

@ARTICLE{KWei2013,
  AUTHOR =       {K Wei and X Liang and K Xu},
  TITLE =        {A Survey of Social-Aware Routing Protocols in Delay Tolerant Networks: Applications, Taxonomy and Design-Related Issues},
  JOURNAL =      {IEEE Communications Surveys \& Tutorials},
  YEAR =         {2013},
  volume =       {},
  number =       {},
  pages =        {1-23},
}

@ARTICLE{GXylomenos2012,
  AUTHOR =       {G Xylomenos and X Vasilakos and C Tsilopoulos and V.A Siris and G.C Polyzos},
  TITLE =        {Caching and Mobility Support in a Publish-Subscribe Internet Architecture},
  JOURNAL =      {IEEE Communications Magazine},
  YEAR =         {2012},
  volume =       {50},
  number =       {7},
  pages =        {52-58},
}

@ARTICLE{GCao2004,
  AUTHOR =       {G Cao and L Yin and C.R Das},
  TITLE =        {Cooperative Cache-Based Data Access in Ad-hoc Networks},
  JOURNAL =      {IEEE Computer},
  YEAR =         {2004},
  volume =       {37},
  number =       {2},
  pages =        {32-39},
}

@ARTICLE{LDFife2004,
  AUTHOR =       {L.D Fife and L Gruenwald},
  TITLE =        {Research Issues for Data Communication in Mobile Ad-Hoc Network Database Systems},
  JOURNAL =      {Special Interest Group on Management of Data (SIGMOD Record)},
  YEAR =         {2004},
  volume =       {32},
  number =       {2},
  pages =        {42-47},
}

@ARTICLE{WLang2010,
  AUTHOR =       {W Lang and J.M Patel and J.F Naughton},
  TITLE =        {On Energy Management, Load Balancing and Replication},
  JOURNAL =      {Special Interest Group on Management of Data (SIGMOD Record)},
  YEAR =         {2010},
  volume =       {38},
  number =       {4},
  pages =        {35-42},
}

@ARTICLE{PBellavista2013,
  AUTHOR =       {P Bellavista and R Montanari and S. K Das},
  TITLE =        {Mobile Social Networking Middleware: A Survey},
  JOURNAL =      {Pervasive and Mobile Computing},
  YEAR =         {2013},
  volume =       {9},
  number =       {4},
  pages =        {437-453},
}

@ARTICLE{OSerrat2009,
  AUTHOR =       {O Serrat},
  TITLE =        {Social Network Analysis},
  JOURNAL =      {Knowledge Solutions},
  YEAR =         {2009},
  volume =       {},
  number =       {},
  pages =        {},
}

@ARTICLE{WCPeng2003,
  AUTHOR =       {W.C Peng and M.S Chen},
  TITLE =        {Developing Data Allocation Schemes by Incremental Mining of User Moving Patterns in a Mobile Computing System},
  JOURNAL =      {IEEE Transactions on Knowledge and Data Engineering},
  YEAR =         {2003},
  volume =       {15},
  number =       {1},
  pages =        {70-85},
}

@ARTICLE{JLHuang2006,
  AUTHOR =       {J.L Huang and M.S Chen},
  TITLE =        {On the Effect of Group Mobility to Data Replication in Ad-hoc Networks},
  JOURNAL =      {IEEE Transaction on Mobile Computing},
  YEAR =         {2006},
  volume =       {5},
  number =       {5},
  pages =        {492-507},
}

@ARTICLE{CSengul2012,
  AUTHOR =       {C Sengul and A. C Viana and A Ziviani},
  TITLE =        {A Survey of Adaptive Services to Cope with Dynamics in Wireless Self-Organizing Networks},
  JOURNAL =      {ACM Computing Surveys},
  YEAR =         {2012},
  volume =       {44},
  number =       {4},
  pages =        {1-35},
}

@ARTICLE{ADerhab2009,
  AUTHOR =       {A Derhab and N Badache},
  TITLE =        {Data Replication Protocols for Mobile Ad-Hoc Networks: A Survey and Taxonomy},
  JOURNAL =      {IEEE Communications Surveys \& Tutorials},
  YEAR =         {2009},
  volume =       {11},
  number =       {2},
  pages =        {33-51},
}

@ARTICLE{HShen2010,
  AUTHOR =       {H Shen},
  TITLE =        {An Efficient and Adaptive Decentralized File Replication Algorithm in P2P File Sharing Systems},
  JOURNAL =      {IEEE Transaction on Parallel and Distributed Systems},
  YEAR =         {2010},
  volume =       {21},
  number =       {6},
  pages =        {827-840},
}

@ARTICLE{DTran2012,
  AUTHOR =       {D Tran and K Nguyen and C Pham},
  TITLE =        {S-Clone: Socially-aware Data Replication for Social Networks},
  JOURNAL =      {Computer Networks},
  YEAR =         {2012},
  volume =       {56},
  number =       {7},
  pages =        {2001-2013},
}

@ARTICLE{YLi2011,
  AUTHOR =       {Y Li and G Su and D.O Wu and D Jin and L Su and L Zeng},
  TITLE =        {The Impact of Node Selfishness on Multicasting in Delay Tolerant Networks},
  JOURNAL =      {IEEE Transaction on Vehicular Technology},
  YEAR =         {2011},
  volume =       {60},
  number =       {5},
  pages =        {2224-2238},
}

@ARTICLE{AKYCheung2010,
  AUTHOR =       {A.K.Y Cheung and H.A Jacobsen},
  TITLE =        {Load Balancing Content-Based Publish/Subscribe Systems},
  JOURNAL =      {ACM Transactions on Computer Systems},
  YEAR =         {2010},
  volume =       {28},
  number =       {4(9)},
  pages =        {1-53},
}

@ARTICLE{SSHTse2012,
  AUTHOR =       {S.S.H Tse},
  TITLE =        {Online Bounds on Balancing Two Independent Criteria with Replication and Reallocation},
  JOURNAL =      {IEEE Transaction on Computers},
  YEAR =         {2012},
  volume =       {61},
  number =       {11},
  pages =        {1601-1610},
}

@ARTICLE{SDhakal2007,
  AUTHOR =       {S Dhakal and M.M Hayat and J.E Pezoa and C Yang and D.A Bader},
  TITLE =        {Dynamic Load Balancing in Distributed Systems in the Presence of Delays: A Regeneration-Theory Approach},
  JOURNAL =      {IEEE Transactions on Parallel and Distributed Systems},
  YEAR =         {2007},
  volume =       {18},
  number =       {4},
  pages =        {485-497},
}

@ARTICLE{XZhu2011,
  AUTHOR =       {X Zhu and X Qin and M Qiu},
  TITLE =        {QoS-Aware Fault-Tolerant Scheduling for Real-Time Tasks on Hetrogeneous Clusters},
  JOURNAL =      {IEEE Transaction on Computers},
  YEAR =         {2011},
  volume =       {60},
  number =       {6},
  pages =        {800-813},
}

@ARTICLE{FXia2013,
  AUTHOR =       {F Xia and L Liu and J Li and J Ma and A.V Vasilakos},
  TITLE =        {Socially Aware Networking: A Survey},
  JOURNAL =      {IEEE Systems Journal},
  YEAR =         {2013},
  volume =       {DOI:10.1109/JSYST.2013.2281262},
  number =       {},
  pages =        {1-18},
}

@ARTICLE{MHasan2014,
  AUTHOR =       {M Hasan and E Hossain and S Balasubramaniam and Y Koucheryavy},
  TITLE =        {Social Behvior in Bacterial Nanonetworks: Challenges and Opportunities},
  JOURNAL =      {IEEE Network Magazine},
  YEAR =         {2014},
  volume =       {Accepted for Publication},
  number =       {},
  pages =        {1-10},
}

@ARTICLE{LZhou2011,
  AUTHOR =       {L Zhou and Y Zhang and K Song and W Jing and A.V Vasilakos},
  TITLE =        {Distributed Media-Service Scheme for P2P-based Vehicular Networks},
  JOURNAL =      {IEEE Transactions on Vehicular Technology},
  YEAR =         {2011},
  volume =       {60},
  number =       {2},
  pages =        {692-703},
}

@ARTICLE{BGuo2013,
  AUTHOR =       {B Guo and D Zhang and Z Wanga and Z Yua and X Zhoua},
  TITLE =        {Opportunistic IoT: Exploring the Harmonious Interaction between Human and the Internet of Things},
  JOURNAL =      {Journal of Network and Computer Applications},
  YEAR =         {2013},
  volume =       {36},
  number =       {6},
  pages =        {1531-1539},
}

@ARTICLE{PPadmanabhan2008,
  AUTHOR =       {P Padmanabhan and L Gruenwald and A Vallur and M Atiquzzaman},
  TITLE =        {A Survey of Data Replication Techniques for Mobile Ad-hoc Network Databases},
  JOURNAL =      {International Journal on Very Large Data Bases},
  YEAR =         {2008},
  volume =       {17},
  number =       {5},
  pages =        {1143-1164},
}

@ARTICLE{THara2006,
  AUTHOR =       {T Hara and S.K Madria},
  TITLE =        {Data Replication for Improving Data Accessibility in Ad-hoc Networks},
  JOURNAL =      {IEEE Transaction on Mobile Computing},
  YEAR =         {2006},
  volume =       {5},
  number =       {11},
  pages =        {1515-1532},
}

@ARTICLE{YSaito2005,
  AUTHOR =       {Y Saito and M Shapiro},
  TITLE =        {Optimistic Replication},
  JOURNAL =      {ACM Computing Survey},
  YEAR =         {2005},
  volume =       {37},
  number =       {1},
  pages =        {42-81},
}

@ARTICLE{MMcpherson2001,
  AUTHOR =       {M McPherson and L Smith-Lovin and J.M Cook},
  TITLE =        {Birds of a Feather: Homophily in Social Networks},
  JOURNAL =      {Annual Review of Sociology},
  YEAR =         {2001},
  volume =       {27},
  number =       {},
  pages =        {415-444},
}

@ARTICLE{DLiben-Nowell2007,
  AUTHOR =       {D Liben-Nowell and J.M Kleinberg},
  TITLE =        {The Link-prediction Problem for Social Networks},
  JOURNAL =      {Journal of the Association for Information Science and Technology (JASIST)},
  YEAR =         {2007},
  volume =       {},
  number =       {},
  pages =        {1019-1031},
}

@ARTICLE{IRoussaki2012,
  AUTHOR =       {I Roussaki and N Kalatzis and N Liampotis and P Kosmides and M Anagnostou and K Doolin and E Jennings and Y Bouloudis and S Xynogalas},
  TITLE =        {Context-Awareness in Wireless and Mobile Computing Revisited to Embrace Social Networking},
  JOURNAL =      {IEEE Communications Magazine},
  YEAR =         {2012},
  volume =       {50},
  number =       {6},
  pages =        {74-81},
}

@ARTICLE{QWang2013,
  AUTHOR =       {Q Wang and X Chen and R Chen and Y Chen and X Zhang},
  TITLE =        {Electromyography-Based Locomotion Pattern Recognition and Personal Positioning Toward Improved Context-Awareness Applications},
  JOURNAL =      {IEEE Transactions on Sysytems, Man, and Cybernetics: Systems},
  YEAR =         {2013},
  volume =       {43},
  number =       {5},
  pages =        {1216-1227},
}

@ARTICLE{CAnagnostopoulos2011,
  AUTHOR =       {C Anagnostopoulos and S Hadjiefthymiades and E Zervas},
  TITLE =        {Information Dissemination between Mobile Nodes for Collaborative Context Awareness},
  JOURNAL =      {IEEE Transactions on Mobile Computing},
  YEAR =         {2011},
  volume =       {10},
  number =       {12},
  pages =        {1710-1725},
}

@ARTICLE{MdARahman2011,
  AUTHOR =       {Md.A Rahman and A.E Saddik and W Gueaieb},
  TITLE =        {Augmenting Context Awareness by Combining Body Sensor Networks and Social Networks},
  JOURNAL =      {IEEE Transactions on Instrumentation and Measurement},
  YEAR =         {2011},
  volume =       {60},
  number =       {2},
  pages =        {345-353},
}

@ARTICLE{PMakris2013,
  AUTHOR =       {P Makris and D.N Skoutas and C Skianis},
  TITLE =        {A Survey on Context-Aware Mobile andWireless Networking: On Networking and Computing Environments' Integration},
  JOURNAL =      {IEEE Communications Surveys \& Tutorials},
  YEAR =         {2013},
  volume =       {15},
  number =       {1},
  pages =        {362-386},
}

@ARTICLE{SKosta2014,
  AUTHOR =       {S Kosta and A Mei and J Stefa},
  TITLE =        {Large-Scale Synthetic Social Mobile Networks with SWIM},
  JOURNAL =      {IEEE Transactions on Mobile Computing},
  YEAR =         {2014},
  volume =       {13},
  number =       {1},
  pages =        {116-129},
}

@ARTICLE{RJLa2012,
  AUTHOR =       {R.J La and S Eunyoung},
  TITLE =        {Network Connectivity with a Family of Group Mobility Models},
  JOURNAL =      {IEEE Transactions on Mobile Computing},
  YEAR =         {2012},
  volume =       {11},
  number =       {3},
  pages =        {504-517},
}

@ARTICLE{QDong2012,
  AUTHOR =       {Q Dong and W Dargie},
  TITLE =        {A Survey on Mobility and Mobility-Aware MAC Protocols in Wireless Sensor Networks},
  JOURNAL =      {IEEE Communications Surveys \& Tutorials},
  YEAR =         {2012},
  volume =       {15},
  number =       {1},
  pages =        {88-100},
}

@ARTICLE{KFlorkey2011,
  AUTHOR =       {K Florkey and S Gayde and C Morgan},
  TITLE =        {Challenges for Mobile Sysnchronized Community Event Applications},
  JOURNAL =      {Bell Labs Technical Journal},
  YEAR =         {2011},
  volume =       {15},
  number =       {4},
  pages =        {111-116},
}

@ARTICLE{DLe2006,
  AUTHOR =       {D Le and X Fu and D Hogrefe},
  TITLE =        {A Review of Mobility Support Paradigms for the Internet},
  JOURNAL =      {IEEE Communications Surveys \& Tutorials},
  YEAR =         {2006},
  volume =       {8},
  number =       {1-4},
  pages =        {38-51},
}

@ARTICLE{VBorrel2009,
  AUTHOR =       {V Borrel and F Legendre and D Amorim de and S Fdida},
  TITLE =        {SIMPS: Using Sociology for Personal Mobility},
  JOURNAL =      {IEEE/ACM Transactions on Networking},
  YEAR =         {2009},
  volume =       {17},
  number =       {3},
  pages =        {831-842},
}

@ARTICLE{MMusolesi2007,
  AUTHOR =       {M Musolesi and C Mascolo},
  TITLE =        {Designing Mobility Models Based on Social Network Theory},
  JOURNAL =      {ACM SIGMOBILE Mobile Computing and Communications Review},
  YEAR =         {2007},
  volume =       {11},
  number =       {3},
  pages =        {59-70},
}

@ARTICLE{YXia2013,
  AUTHOR =       {Y Xia and C.K Yeo},
  TITLE =        {Measuring Group Mobility: A Topology Based Approach},
  JOURNAL =      {IEEE Wireless Communications Letters},
  YEAR =         {2013},
  volume =       {2},
  number =       {1},
  pages =        {54-57},
}

@ARTICLE{SFernandes2012,
  AUTHOR =       {S Fernandes and A Karmouch},
  TITLE =        {Vertical Mobility Management Architectures in Wireless Networks: A Comprehensive Survey and Future Directions},
  JOURNAL =      {IEEE Communications Surveys \& Tutorials},
  YEAR =         {2012},
  volume =       {14},
  number =       {1},
  pages =        {45-63},
}

@ARTICLE{AChaintreau2007,
  AUTHOR =       {A Chaintreau and P Hui and J Crowcroft and C Diot and R Gass and J Scott},
  TITLE =        {Impact of Human Mobility on Opportunistic Forwarding Algorithms},
  JOURNAL =      {IEEE Transactions on Mobile Computing},
  YEAR =         {2007},
  volume =       {6},
  number =       {6},
  pages =        {606-620},
}

@ARTICLE{TKaragiannis2010,
  AUTHOR =       {T Karagiannis and J Boudec and M Vojnovic},
  TITLE =        {Power Law and Exponential Decay of Intercontact Times Between Mobile Devices},
  JOURNAL =      {IEEE Transactions on Mobile Computing},
  YEAR =         {2010},
  volume =       {9},
  number =       {10},
  pages =        {1377-1390},
}

@ARTICLE{DKotz2005,
  AUTHOR =       {D Kotz and K Essien},
  TITLE =        {Analysis of a Campus-Wide Wireless Network},
  JOURNAL =      {Wireless Networks},
  YEAR =         {2005},
  volume =       {11},
  number =       {1-2},
  pages =        {115-133},
}

@ARTICLE{CGonzalez2008,
  AUTHOR =       {C Gonzalez and A Hidalgo and A-L Barabasi},
  TITLE =        {Understanding Individual Human Mobility Patterns},
  JOURNAL =      {Nature},
  YEAR =         {2008},
  volume =       {453},
  number =       {7196},
  pages =        {779-782},
}

@ARTICLE{CSong2010,
  AUTHOR =       {C Song and Z Qu and N Blumm and A-L Barabasi},
  TITLE =        {Limits of Predictability in Human Mobility},
  JOURNAL =      {Science},
  YEAR =         {2010},
  volume =       {327},
  number =       {5968},
  pages =        {1018-1021},
}

@ARTICLE{DKaramshuk2011,
  AUTHOR =       {D Karamshuk and C Boldrini and M Conti and A Passarella},
  TITLE =        {Human Mobility Models for Opportunistic Networks},
  JOURNAL =      {IEEE Communications Magazine},
  YEAR =         {2011},
  volume =       {49},
  number =       {12},
  pages =        {157-165},
}

@ARTICLE{PBellavista2012,
  AUTHOR =       {P Bellavista and A Corradi and C Giannelli},
  TITLE =        {Middleware for Differentiated Quality in Spontaneous Networks},
  JOURNAL =      {IEEE Pervasive Computing},
  YEAR =         {2012},
  volume =       {11},
  number =       {3},
  pages =        {64-75},
}

@ARTICLE{PCosta2008,
  AUTHOR =       {P Costa and C Mascolo and M Musolesi and G.P Picco},
  TITLE =        {Socially-aware Routing for Publish-Subscribe in Delay-Tolerant Mobile Ad hoc Networks},
  JOURNAL =      {IEEE Journal on Selected Areas in Communications},
  YEAR =         {2008},
  volume =       {26},
  number =       {5},
  pages =        {748-760},
}

@ARTICLE{NFernando2013,
  AUTHOR =       {N Fernando and S.W Loke and W Rahayu},
  TITLE =        {Mobile Cloud Computing: A Survey},
  JOURNAL =      {Future Generations Computer Systems},
  YEAR =         {2013},
  volume =       {29},
  number =       {1},
  pages =        {84-106},
}

@ARTICLE{JFan2013,
  AUTHOR =       {J Fan and J Chen and Y Du and W Gao and J Wu and Y Sun},
  TITLE =        {Geocommunity-Based Broadcasting for Data Dissemination in Mobile Social Networks},
  JOURNAL =      {IEEE Transaction on Parallel and Distributed Systems},
  YEAR =         {2013},
  volume =       {24},
  number =       {4},
  pages =        {734-743},
}

@ARTICLE{SManfredi2013,
  AUTHOR =       {S Manfredi and F Oliviero and S.P Romano},
  TITLE =        {A Distributed Control Law for Load Balancing in Content Delivery Networks},
  JOURNAL =      {IEEE/ACM Transactions on Networking},
  YEAR =         {2013},
  volume =       {21},
  number =       {1},
  pages =        {55-68},
}

@ARTICLE{HKim2012,
  AUTHOR =       {H Kim and G.de Veciana and X Yang and M Venkatachalam},
  TITLE =        {Distributed $\alpha$-Optimal User Association and Cell Load Balancing in Wireless Networks},
  JOURNAL =      {IEEE/ACM Transactions on Networking},
  YEAR =         {2012},
  volume =       {20},
  number =       {1},
  pages =        {177-190},
}

@ARTICLE{SGitzenis2013,
  AUTHOR =       {S Gitzenis, G.S Paschos and L Tassiulas},
  TITLE =        {Asymptotic Laws for Joint Content Replication and Delivery in Wireless Networks},
  JOURNAL =      {IEEE Transactions on Information Theory},
  YEAR =         {2013},
  volume =       {59},
  number =       {5},
  pages =        {2760-2776},
}

@ARTICLE{CALa2012,
  AUTHOR =       {C.-A La and P Michiardi and C Casetti and C.-F Chiasserini and M Fiore},
  TITLE =        {Content Replication in Mobile Networks},
  JOURNAL =      {IEEE Journal on Selected Areas in Communications},
  YEAR =         {2012},
  volume =       {30},
  number =       {9},
  pages =        {1762-1770},
}

@ARTICLE{JBalasangameshwara2013,
  AUTHOR =       {J Balasangameshwara and N Raju},
  TITLE =        {Performance-Driven Load Balancing with a Primary-Backup Approach for Computational Grids with Low Communication Cost and Replication Cost},
  JOURNAL =      {IEEE Transactions on Computers},
  YEAR =         {2013},
  volume =       {62},
  number =       {5},
  pages =        {990-1003},
}

@ARTICLE{WGao2012,
  AUTHOR =       {W Gao and Q Li and B Zhao and G Cao},
  TITLE =        {Social-Aware Multicast in Disruption-Tolerant Networks},
  JOURNAL =      {IEEE/ACM Transactions on Networking},
  YEAR =         {2012},
  volume =       {20},
  number =       {5},
  pages =        {1553-1566},
}

@ARTICLE{NVastardis2013,
  AUTHOR =       {N Vastardis and K Yang},
  TITLE =        {Mobile Social Networks: Architectures, Social Properties, and Key Research Challenges},
  JOURNAL =      {IEEE Communications Surveys \& Tutorials},
  YEAR =         {2013},
  volume =       {15},
  number =       {3},
  pages =        {1355-1371},
}

@ARTICLE{QLi2012,
  AUTHOR =       {Q Li and W Gao and S Zhu and G Cao},
  TITLE =        {A Routing Protocol for Socially Selfish Delay Tolerant Networks},
  JOURNAL =      {Ad Hoc Networks},
  YEAR =         {2012},
  volume =       {10},
  number =       {8},
  pages =        {1619-1632},
}

@ARTICLE{JChoi2011,
  AUTHOR =       {J Choi and A.W Min and K.G Shin},
  TITLE =        {A Lightweight Passive Online Detection Method for Pinpointing Misbehavior in WLANs},
  JOURNAL =      {IEEE Transactions on Mobile Computing},
  YEAR =         {2011},
  volume =       {10},
  number =       {12},
  pages =        {1681-1693},
}

@ARTICLE{DHales2005,
  AUTHOR =       {D Hales and B Edmonds},
  TITLE =        {Applying a Socially Inspired Technique (tags) to Improve Cooperation in P2P Networks},
  JOURNAL =      {IEEE Transactions on Systems, Man and Cybernetics, Part A: Systems and Humans},
  YEAR =         {2005},
  volume =       {35},
  number =       {3},
  pages =        {385-395},
}

@ARTICLE{MRaya2007,
  AUTHOR =       {M Raya and P Papadimitratos and I Aad and D Jungels and J.P Hubaux},
  TITLE =        {Eviction of Misbehaving and Faulty Nodes in Vehicular Networks},
  JOURNAL =      {IEEE Journal on Selected Areas in Communications},
  YEAR =         {2007},
  volume =       {25},
  number =       {8},
  pages =        {1557-1568},
}

@ARTICLE{QLiandGCao2012,
  AUTHOR =       {Q Li and G Cao},
  TITLE =        {Mitigating Routing Misbehavior in Disruption Tolerant Networks},
  JOURNAL =      {IEEE Transactions on Information Forensics and Security},
  YEAR =         {2012},
  volume =       {7},
  number =       {2},
  pages =        {664-675},
}

@ARTICLE{LButtyan2010,
  AUTHOR =       {L Buttyan and L Dora and M Felegyhazi and I Vajda},
  TITLE =        {Barter Trade Improves Message Delivery in Opportunistic Networks},
  JOURNAL =      {Ad Hoc Networks},
  YEAR =         {2010},
  volume =       {8},
  number =       {1},
  pages =        {1-14},
}

@ARTICLE{RLu2010,
  AUTHOR =       {R Lu and X Lin and H Zhu and X Shen and B Preiss},
  TITLE =        {Pi: A Practical Incentive Protocol for Delay Tolerant Networks},
  JOURNAL =      {IEEE Transactions on Wireless Communications},
  YEAR =         {2010},
  volume =       {9},
  number =       {4},
  pages =        {1483-1493},
}

@ARTICLE{HZhu2009,
  AUTHOR =       {H Zhu and X Lin and R Lu and Y Fan and X Shen},
  TITLE =        {SMART: A Secure Multilayer Credit-based Incentive Scheme for Delay-Tolerant Networks},
  JOURNAL =      {IEEE Transactions on Vehicular Technology},
  YEAR =         {2009},
  volume =       {58},
  number =       {8},
  pages =        {4628-4639},
}

@ARTICLE{LWei2011,
  AUTHOR =       {L Wei and H Zhu and Z Cao X Shen},
  TITLE =        {MobiID: A User-Centric and Social-aware Reputation Based Incentive Scheme for Delay/Disruption Tolerant Networks},
  JOURNAL =      {In Ad-hoc, Mobile, and Wireless Networks, series. Lecture Notes in Computer Science, H. Frey, X. Li, and S. Ruehrup, Eds, Springer Berlin/Heidelberg},
  YEAR =         {2011},
  volume =       {6811},
  number =       {},
  pages =        {177-190},
}

@ARTICLE{FXia2014,
  AUTHOR =       {F Xia and L Liu and J Li and A.M Ahmed and L.T Yang and J Ma},
  TITLE =        {BEEINFO: Interest-based Forwarding Using Artificial Bee Colony for Socially-aware Networking},
  JOURNAL =      {IEEE Transactions on Vehicular Technology},
  YEAR =         {2014},
  volume =       {DOI: 10.1109/TVT.2014.2305192},
  number =       {},
  pages =        {},
}

@ARTICLE{PHui2011,
  AUTHOR =       {P Hui and J Crowcroft and E Yoneki},
  TITLE =        {BUBBLE Rap: Social-Based Forwarding in Delay Tolerant Networks},
  JOURNAL =      {IEEE Transactions on Mobile Computing},
  YEAR =         {2011},
  volume =       {10},
  number =       {11},
  pages =        {1576-1589},
}

@ARTICLE{SWang2012,
  AUTHOR =       {S Wang and M Liu and X Cheng and M Song},
  TITLE =        {Routing in Pocket Switched Networks},
  JOURNAL =      {IEEE Wireless Communications},
  YEAR =         {2012},
  volume =       {19},
  number =       {1},
  pages =        {67-73},
}

@ARTICLE{FJWu2011,
  AUTHOR =       {F.-J Wu and Y.-F Kao and Y.-C Tseng},
  TITLE =        {From Wireless Sensor Networks Toward Cyber Physical System},
  JOURNAL =      {IEEE Wireless Communications},
  YEAR =         {2011},
  volume =       {7},
  number =       {4},
  pages =        {397-413},
}
 
@ARTICLE{NKayastha2012,
  AUTHOR =       {N Kayastha and D Niyato and P Wang and E Hossain},
  TITLE =        {Applications, Architectures, and Protocol Design Issues forMobile Social Networks: A Survey},
  JOURNAL =      {Proceedings of the IEEE},
  YEAR =         {2012},
  volume =       {99},
  number =       {12},
  pages =        {2130-2158},
}

@ARTICLE{RKGanti2011,
  AUTHOR =       {R.K Ganti and F Ye and H Lei},
  TITLE =        {Mobile Crowdsensing: Current State and Future Challenges},
  JOURNAL =      {IEEE Communication Magazine},
  YEAR =         {2011},
  volume =       {49},
  number =       {11},
  pages =        {32-39},
}

@ARTICLE{NDLane2010,
  AUTHOR =       {N. D Lane and E Miluzzo and H Lu and D Peebles and T Choudhury and A. T Campbell},
  TITLE =        {A Survey of Mobile Phone Sensing},
  JOURNAL =      {IEEE Communication Magazine},
  YEAR =         {2010},
  volume =       {48},
  number =       {9},
  pages =        {140-150},
}

@ARTICLE{DZhang2012,
  AUTHOR =       {D Zhang and Z Wang and B Guo and Z Yu},
  TITLE =        {Social and Community Intelligence: Technologies and Trends},
  JOURNAL =      {IEEE Software},
  YEAR =         {2012},
  volume =       {29},
  number =       {4},
  pages =        {88-92},
}

@ARTICLE{SBalasubramaniam2011,
  AUTHOR =       {S Balasubramaniam and K Leibnitz and P Lio and D Botvich and M Murata},
  TITLE =        {Biological Principles for Future Internet Architecture Design},
  JOURNAL =      {IEEE Communications Magazine},
  YEAR =         {2011},
  volume =       {49},
  number =       {7},
  pages =        {44-52},
}

@ARTICLE{MTRefaei2010,
  AUTHOR =       {M. T Refaei and L. A DaSilva and M Eltoweissy and T Nadeem},
  TITLE =        {Adaptation of Reputation Management Systems to Dynamic Network Conditions in Ad Hoc Networks},
  JOURNAL =      {IEEE Transactions on Computers},
  YEAR =         {2010},
  volume =       {59},
  number =       {5},
  pages =        {707-719},
}

@ARTICLE{KAkkarajitsakul2013,
  AUTHOR =       {K Akkarajitsakul and E Hossain and D Niyato},
  TITLE =        {Coalition-based Cooperative Packet Delivery Under Uncertainty: A Dynamic Bayesian Coalitional Game},
  JOURNAL =      {IEEE Transactions on Mobile Computing},
  YEAR =         {2013},
  volume =       {12},
  number =       {2},
  pages =        {371-385},
}

@ARTICLE{SDjahel2011,
  AUTHOR =       {S Djahel and F Nait-Abdesselam and Z Zhang},
  TITLE =        {Mitigating Packet Dropping Problem in Mobile Ad hoc Networks: Proposals and Challenges},
  JOURNAL =      {IEEE Communications Surveys \& Tutorials},
  YEAR =         {2011},
  volume =       {13},
  number =       {4},
  pages =        {658-672},
}

@ARTICLE{NJiang2007,
  AUTHOR =       {N Jiang and K. A Hua and D Liu},
  TITLE =        {A Scalable and Robust Approach to Collaboration Enforcement in Mobile Ad-hoc Networks},
  JOURNAL =      {Journal of Communications and Networks},
  YEAR =         {2007},
  volume =       {9},
  number =       {1},
  pages =        {56-66},
}

@ARTICLE{HJLeBlanc2013,
  AUTHOR =       {H. J LeBlanc and H Zhang and X Koutsoukos and S Sundaram},
  TITLE =        {Resilient Asymptotic Consensus in Robust Networks},
  JOURNAL =      {IEEE Journal on Selected Areas in Communications},
  YEAR =         {2013},
  volume =       {31},
  number =       {4},
  pages =        {766-781},
}

@ARTICLE{PPTsang2011,
  AUTHOR =       {P. P Tsang and A Kapadia and C Cornelius and S. W Smith},
  TITLE =        {Nymble: Blocking Misbehaving Users in Anonymizing Networks},
  JOURNAL =      {IEEE Transactions on Dependable and Secure Computing},
  YEAR =         {2011},
  volume =       {8},
  number =       {2},
  pages =        {256-269},
}

@ARTICLE{RSKomali2008,
  AUTHOR =       {R. S Komali and A. B MacKenzie and R. P Gilles},
  TITLE =        {Effect of Selfish Node Behavior on Efficient Topology Design},
  JOURNAL =      {IEEE Transactions on Mobile Computing},
  YEAR =         {2008},
  volume =       {7},
  number =       {9},
  pages =        {1057-1070},
}

@ARTICLE{KPelechrinis2012,
  AUTHOR =       {K Pelechrinis and G Yan and S Eidenbenz and S. V Krishnamurthy},
  TITLE =        {Detection of Selfish Manipulation of Carrier Sensing in 802.11 Networks},
  JOURNAL =      {IEEE Transactions on Mobile Computing},
  YEAR =         {2012},
  volume =       {11},
  number =       {7},
  pages =        {1086-1101},
}

@ARTICLE{HBLiaqat2014,
  AUTHOR =       {H. B Liaqat and F Xia and J Ma and L. T Yang and A. M Ahmed and N. Y Asabere},
  TITLE =        {Social Similarity-aware TCP with Collision Avoidance in Ad-hoc Social Networks},
  JOURNAL =      {IEEE Systems Journal},
  YEAR =         {2014},
  volume =       {DOI: 10.1109/JSYST.2014.2305191},
  number =       {},
  pages =        {},
}

@ARTICLE{AMAhmed2014,
  AUTHOR =       {A. M Ahmed and T Qiu and F Xia and B Jedari and S Abolfazli},
  TITLE =        {Event-based Mobile Social Networks: Services, Technologies and Applications},
  JOURNAL =      {IEEE Access},
  YEAR =         {2014},
  volume =       {2},
  number =       {},
  pages =        {500-513},
}

@ARTICLE{YNajaflou,
  AUTHOR =       {Y Najaflou and B Jedari and F Xia and L. T Yang and M. S Obaidat},
  TITLE =        {Safety Challenges and Solutions in Mobile Social Networks},
  JOURNAL =      {IEEE Systems Journal},
  YEAR =         {2013},
  volume =       {DOI: 10.1109/JSYST.2013.2284696},
  number =       {},
  pages =        {1-21},
}

@ARTICLE{JLFernandez-Marquez2013,
  AUTHOR =       {J. L Fernandez-Marquez and D. M Serugendo and S Montagna and M Viroli and J. L Arcos},
  TITLE =        {Description and Composition of Bio-inspired Design Patterns: A Complete Overview},
  JOURNAL =      {Natural Computing},
  YEAR =         {2013},
  volume =       {12},
  number =       {1},
  pages =        {43-67},
}

@ARTICLE{MEirinaki2014,
  AUTHOR =       {M Eirinaki and M. D Louta and I Varlamis},
  TITLE =        {A Trust-Aware System for Personalized User Recommendations in Social Networks},
  JOURNAL =      {IEEE Transactions on Systems, Man, and Cybernetics: Systems},
  YEAR =         {2014},
  volume =       {44},
  number =       {4},
  pages =        {409-421},
}

@ARTICLE{SAbolfazli2014,
  AUTHOR =       {S Abolfazli and Z Sanaei and M Alizadeh and A Gani and F Xia},
  TITLE =        {An experimental analysis on cloud-based mobile augmentation in mobile cloud computing},
  JOURNAL =      {IEEE Transactions on Consumer Electronics},
  YEAR =         {2014},
  volume =       {60},
  number =       {1},
  pages =        {146-154},
}

@ARTICLE{ZLi2011,
  AUTHOR =       {Z Li and J Han and M Ji and L Tang and Y Yu and B Ding and J Lee and R Kays},
  TITLE =        {MoveMine: Mining Moving Object Data for Discovery of Animal Movement Patterns},
  JOURNAL =      {ACM Transactions on Intelligent Systems and Technology},
  YEAR =         {2011},
  volume =       {2},
  number =       {4},
  pages =        {37:1-32},
}

@ARTICLE{LTang2011,
  AUTHOR =       {L Tang and X Wang and H Liu},
  TITLE =        {Group Profiling for Understanding Social Structures},
  JOURNAL =      {ACM Transactions on Intelligent Systems and Technology},
  YEAR =         {2011},
  volume =       {3},
  number =       {1},
  pages =        {15:1-25},
}

@ARTICLE{BMitra2012,
  AUTHOR =       {B Mitra and L Tabourier and C Roth},
  TITLE =        {Intrinsically Dynamic Network Communities},
  JOURNAL =      {Computer Networks},
  YEAR =         {2012},
  volume =       {56},
  number =       {3},
  pages =        {1041-1053},
}

@ARTICLE{PPirozmand2014,
  AUTHOR =       {P Pirozmand and G Wu and B Jedari and F Xia},
  TITLE =        {Human Mobility in Opportunistic Networks: Characteristics, Models and Prediction Methods},
  JOURNAL =      {Journal of Network and Computer Applications},
  YEAR =         {2014},
  volume =       {42},
  number =       {},
  pages =        {45-58},
}

@ARTICLE{HANguyen2012,
  AUTHOR =       {HA Nguyen and S Giordano},
  TITLE =        {Context Information Prediction for Social-based Routing in Opportunistic Networks},
  JOURNAL =      {Ad Hoc Networks},
  YEAR =         {2012},
  volume =       {10},
  number =       {8},
  pages =        {1557-1569},
}

@ARTICLE{CBoldrini2010,
  AUTHOR =       {C Boldrini and M Conti and A Passarella},
  TITLE =        {Design and Performance Evaluation of ContentPlace, A Social-aware Data Dissemination System for Opportunistic Networks},
  JOURNAL =      {Computer Networks},
  YEAR =         {2010},
  volume =       {54},
  number =       {4},
  pages =        {589-604},
}

@ARTICLE{ANatanzon2013,
  AUTHOR =       {A Natanzon and E Bachmat},
  TITLE =        {Dynamic Synchronous/Asynchronous Replication},
  JOURNAL =      {ACM Transactions on Storage},
  YEAR =         {2013},
  volume =       {9},
  number =       {3},
  pages =        {8:1-19},
}

@ARTICLE{SKrishnamurthy2003,
  AUTHOR =       {S Krishnamurthy and W. H Sanders and M Cukier},
  TITLE =        {An Adaptive Quality of Service Aware Middleware for Replicated Services},
  JOURNAL =      {IEEE Transactions on Parallel Distributed Systems},
  YEAR =         {2003},
  volume =       {14},
  number =       {11},
  pages =        {1112-1125},
}

@ARTICLE{AMohaien2013,
  AUTHOR =       {A Mohaien and D. F Kune and E. Y Vasserman and K Myungsun and K Yongdae},
  TITLE =        {Secure Encounter-Based Mobile Social Networks: Requirements, Designs, and Tradeoffs},
  JOURNAL =      {IEEE Transactions on Dependable and Secure Computing},
  YEAR =         {2013},
  volume =       {10},
  number =       {6},
  pages =        {380-393},
}

@TECHREPORT{AVahdat2000,
  AUTHOR =       {A Vahdat and D Becker},
  TITLE =        {Epidemic Routing for Partially-connected Ad-hoc Networks},
  INSTITUTION =  {Duke University},
  publisher = {CS-200006},
  address = {USA},
  YEAR =         {2000},
}
@INPROCEEDINGS{THara2001,
  author =       {Takahiro Hara},
  title =        {Effective Replica Allocation in Ad-hoc Networks for Improving Data Accessibility},
  booktitle =    {Proceedings of IEEE International Conference on Computer Communication (INFOCOM)},
  year =         {2001},
  pages =        {1568-1576},
  publisher = {IEEE Communications Society},
  address = {Anchorage, AK, USA},
}

@INPROCEEDINGS{WLu2010,
  author =       {W Lu and Y Zhou and J Li and B Yan},
  title =        {A Hierarchical Data Replication Method in Ad-hoc Networks},
  booktitle =    {Proceedings of IEEE International Conference on Computer Engineering and Technology (ICCET)},
  year =         {2010},
  pages =        {23-27},
  publisher = {IEEE Communications Society},
  address = {Chengdu, China},
}

@INPROCEEDINGS{ADetti2010,
  author =       {A Detti and L Bracciale and F Fedi},
  title =        {Robust Data Replication Algorithm for MANETs with Obstacles and Node Failures},
  booktitle =    {Proceedings of IEEE International Conference on Communications (ICC)},
  year =         {2010},
  pages =        {1-6},
  publisher = {IEEE Communications Society},
  address = {Cape Town, South Africa},
}

@INPROCEEDINGS{EMannes2012,
  author =       {E Mannes and M Nogueira and A.d Santos},
  title =        {A Bio-Inspired Scheme on Quorum Systems for Reliable Services Data Management in MANETS},
  booktitle =    {Proceedings of International Conference on Network Operations and Management Symposium (NOMS)},
  year =         {2012},
  pages =        {278-285},
  publisher = {IEEE/IFIP},
  address = {Hawaii, USA},
}

@INPROCEEDINGS{Pujol2010,
  author =       {J. M Pujol and V Erramilli and G Siganos and X Yang and N Laoutaris and P Chhabra and P Rodriguez},
  title =        {The Little Engine(s) That Could: Scaling Online Social Networks},
  booktitle =    {Proceedings of ACM Special Interest Group on Data Communication (SIGCOMM)},
  year =         {2010},
  pages =        {375-386},
  publisher = {ACM},
  address = {New Delhi, India},
}

@INPROCEEDINGS{ZWang2012,
  author =       {Z Wang and B Li and L Sun and S Yang},
  title =        {Cloud-based Social Application Deployment using Local Processing and Global Distribution},
  booktitle =    {Proceedings of International Conference on emerging Networking EXperiments and Technologies (CoNEXT)},
  year =         {2012},
  pages =        {301-312},
  publisher = {ACM},
  address = {Nice, France},
}

@INPROCEEDINGS{PStuedi2011,
  author =       {P Stuedi and I Mohomed and M Balakrishnan and Z.M Mao and V Ramasubramanian and D. Terry and T. Wobber},
  title =        {Contrail: enabling decentralized social networks on smartphones},
  booktitle =    {Proceedings of International Middleware Conference},
  year =         {2011},
  pages =        {41-60},
  publisher = {ACM/IFIP/USENIX},
  address = {Lisboa, Portugal},
}

@INPROCEEDINGS{AGupta2004,
  author =       {A Gupta and O Sahin and D Agrawal and A.El Abbadi},
  title =        {Meghdoot: Content-Based Publish/Subscribe over P2P Networks},
  booktitle =    {Proceedings of International Middleware Conference},
  year =         {2004},
  pages =        {254-273},
  publisher = {ACM/IFIP/USENIX},
  address = {Toronto, Ontario, Canada},
}

@INPROCEEDINGS{FBenevenuto2009,
  author =       {F Benevenuto and T Rodrigues and M Cha and V Almeida},
  title =        {Characterizing User Behavior in Online Social Networks},
  booktitle =    {Proceedings of International Internet Measurement Conference (IMC)},
  year =         {2009},
  pages =        {49-62},
  publisher = {ACM/USENIX},
  address = {Chicago, Illinois, USA},
}

@INPROCEEDINGS{XCheng2011,
  author =       {X Cheng and J Liu},
  title =        {Load-Balanced Migration of Social Media to Content Clouds},
  booktitle =    {Proceedings of International Workshop on Network and Operating Systems Support for Digital Audio and Video (NOSSDAV)},
  year =         {2011},
  pages =        {51-56},
  publisher = {ACM},
  address = {Vancouver, Canada},
}

@INPROCEEDINGS{AKPietilainen2009,
  author =       {A. K Pietilainen and E Oliver and J LeBrun and G Verghese and C Diot},
  title =        {MobiClique: Middleware for Mobile Social Networking},
  booktitle =    {Proceedings of International Conference on Online Social Networks (WOSN)},
  year =         {2009},
  pages =        {49-54},
  publisher = {ACM},
  address = {Barcelona, Spain},
}

@INPROCEEDINGS{HKwak2010,
  author =       {H Kwak and C Lee and H Park and S Moon},
  title =        {What Is Twitter, a Social Network or a News Media?},
  booktitle =    {Proceedings of International Conference on World Wide Web (WWW)},
  year =         {2010},
  pages =        {591-600},
  publisher = {ACM},
  address = {Raleigh, North Carolina, USA},
}

@INPROCEEDINGS{XTie2011,
  author =       {X Tie and A Venkataramani and A Balasubramanian},
  title =        {R3: Robust Replication Routing in Wireless Networks with Diverse Connectivity Characterstics},
  booktitle =    {Proceedings of International Conference on Mobile Computing and Networking (MobiCom)},
  year =         {2011},
  pages =        {181-192},
  publisher = {ACM},
  address = {Las Vegas, Nevada, USA},
}

@INPROCEEDINGS{YQu2012,
  author =       {Y Qu and N Xiong},
  title =        {RFH: A Resilient, Fault-Tolerant and High-Efficient Replication Algorithm for Distributed Cloud Storage},
  booktitle =    {Proceedings of International Conference on Parallel Processing (ICCP)},
  year =         {2012},
  pages =        {520-529},
  publisher = {IEEE},
  address = {Pittsburgh, PA},
}

@INPROCEEDINGS{BGuo2012,
  author =       {B Guo and D Zhang and Z Yu and X Zhou},
  title =        {Hybrid SN: Interlinking Opportunistic and Online Communities to Augment Information Dissemination},
  booktitle =    {Proceedings of IEEE International Conference on Ubiquitious Intelligence and Computing (UIC)},
  year =         {2012},
  pages =        {188-195},
  publisher = {IEEE Communications Society},
  address = {Fukuoka, Japan},
}

@INPROCEEDINGS{HKWu2001,
  author =       {H.K Wu and M.H Jin and J.T Horng and C.Y Ke},
  title =        {Personal Paging Area Design Based on Mobile's Moving Behaviors},
  booktitle =    {Proceedings of IEEE International Conference on Computer Communication (INFOCOM)},
  year =         {2001},
  pages =        {21-30},
  publisher = {IEEE Communication Society},
  address = {Anchorage, AK, USA},
}

@INPROCEEDINGS{SCNelson2009,
  author =       {S.C Nelson and M Bakht and R Kravets},
  title =        {Encounter-based Routing in DTNs},
  booktitle =    {Proceedings of IEEE International Conference on Computer Communication (INFOCOM)},
  year =         {2009},
  pages =        {846-854},
  publisher = {IEEE Communications Society},
  address = {Rio de Janeiro, Brazil},
}

@INPROCEEDINGS{FCao2004,
  author =       {F Cao and J.P Singh},
  title =        {Efficient Event Routing in Content-based Publish-Subscribe Service Networks},
  booktitle =    {Proceedings of IEEE International Conference on Computer Communication (INFOCOM)},
  year =         {2004},
  pages =        {924-940},
  publisher = {IEEE Communications Society},
  address = {Hong Kong},
}

@INPROCEEDINGS{YGanjali2004,
  author =       {Y Ganjali and A Keshavarzian},
  title =        {Load Balancing in Ad Hoc Networks: Single-path Routing vs. Multi-path Routing},
  booktitle =    {Proceedings of IEEE International Conference on Computer Communication (INFOCOM)},
  year =         {2004},
  pages =        {2:1120-1125},
  publisher = {IEEE Communications Society},
  address = {Hong Kong},
}

@INPROCEEDINGS{FLi2009,
  author =       {F Li and J Wu},
  title =        {LocalCom: A Community-based Epidemic Forwarding Scheme in Disruption-Tolerant Networks},
  booktitle =    {Proceedings of IEEE International Conference on Sensor, Mesh and Ad Hoc Communications and Networks (SECON)},
  year =         {2009},
  pages =        {1-9},
  publisher = {IEEE Communications Society},
  address = {Rome, Italy},
}

@INPROCEEDINGS{SJain2013,
  author =       {S Jain and M Chawla and N Gupta},
  title =        {Weighted Dynamic Bi-connected Group based Replica Allocation method for Mobile Ad-hoc Networks},
  booktitle =    {Proceedings of International Conference on Advances in Communication and Control Systems (CAC2S)},
  year =         {2013},
  pages =        {189-197},
  publisher = {ACM},
  address = {Uttrakhand, India},
}

@INPROCEEDINGS{DZhang2011,
  author =       {D Zhang and Z Wang and B Guo and X Zhou and V Raychoudhury},
  title =        {A Dynamic Community Creation Mechanism in Opportunistic Mobile Social Networks},
  booktitle =    {Proceedings of International Conference on Privacy, Security, Risk and Trust (PASSAT) and Social Computing (SocialCom)},
  year =         {2011},
  pages =        {509-514},
  publisher = {IEEE},
  address = {Boston, MA, USA},
}

@INPROCEEDINGS{HZhang2008,
  author =       {H. Zhang and S Ganguly and S Bhatnagar and R Izmailov and A Sharma},
  title =        {Optimal Load Balancing in Publish/Subscribe Broker Networks Using Active Workload Management},
  booktitle =    {Proceedings of International Conference on Communications (ICC)},
  year =         {2008},
  pages =        {5892-5896},
  publisher = {IEEE Communications Society},
  address = {Beijing, China},
}

@INPROCEEDINGS{EDaly2007,
  author =       {E Daly and M Haahr},
  title =        {Social Network Analysis for Routing in Disconnected Delay-Tolerant MANETs},
  booktitle =    {Proceedings of ACM International Symposium on Mobile Ad Hoc Networking and Computing (MobiHoc)},
  year =         {2007},
  pages =        {32-40},
  publisher = {ACM SIGMOBILE},
  address = {Montr\'{e}al, Qu\'{e}bec, Canada},
}

@INPROCEEDINGS{WRichards2009,
  author =       {W Richards and N Wormald},
  title =        {Representing Small Group Evolution},
  booktitle =    {Proceedings of IEEE International Conference on Computational Science and Engineering (CSE)},
  year =         {2009},
  pages =        {4:159-165},
  publisher = {IEEE Communications Soceity},
  address = { Vancouver, Canada},
}

@INPROCEEDINGS{JBoudec2005,
  author =       {J Boudec and M Vojnovic},
  title =        {Perfect Simulation and Stationarity of a Class of Mobility Models},
  booktitle =    {Proceedings of IEEE International Conference on Computer Communication (INFOCOM)},
  year =         {2005},
  pages =        {4:2743-2754},
  publisher = {IEEE Communications Society},
  address = {Miami, FL, USA},
}

@INPROCEEDINGS{AMei2009,
  author =       {A Mei and J Stefa},
  title =        {SWIM: A Simple Model to Generate Small Mobile Worlds},
  booktitle =    {Proceedings of IEEE International Conference on Computer Communication (INFOCOM)},
  year =         {2009},
  pages =        {2106-2113},
  publisher = {IEEE Communications Society},
  address = {Rio de Janeiro, Brazil},
}

@INPROCEEDINGS{KLee2009,
  author =       {K Lee and S Hong and J Kim and I Rhee and S Chong},
  title =        {SLAW: A Mobility Model for Human Walks},
  booktitle =    {Proceedings of IEEE International Conference on Computer Communication (INFOCOM)},
  year =         {2009},
  pages =        {855-863},
  publisher = {IEEE Communications Society},
  address = {Rio de Janeiro, Brazil},
}

@INPROCEEDINGS{CZhao2010,
  author =       {C Zhao and M.L Sichitiu},
  title =        {N-Body: Social Based Mobility Model for Wireless Ad Hoc Network Research},
  booktitle =    {Proceedings of IEEE International Conference on Sensor, Mesh and Ad Hoc Communications and Networks (SECON)},
  year =         {2010},
  pages =        {1-9},
  publisher = {IEEE Communications Society},
  address = {Boston, Massachusetts, USA},
}

@INPROCEEDINGS{AGainaru2010,
  author =       {A Gainaru and C Dobre and V Cristea},
  title =        {A Realistic Mobility Model Based on Social Networks for the Simulation of VANETs},
  booktitle =    {Proceedings of IEEE Vehicular Technology Conference (VTC)},
  year =         {2010},
  pages =        {1-5},
  publisher = {IEEE Communications Society},
  address = {Ottawa, Canada},
}

@INPROCEEDINGS{MGerla2003,
  author =       {M Gerla and K Xu and X Hong},
  title =        {Exploting Mobility in Large Scale Ad Hoc Wireless Networks},
  booktitle =    {Proceedings of IEEE Annual Workshop on Computer Communication (CCW)},
  year =         {2003},
  pages =        {34-39},
  publisher = {IEEE Communications Society},
  address = {Lake Arrowhead, CA, USA},
}

@INPROCEEDINGS{PHui2005,
  author =       {P Hui and A Chaintreau and J Scott and R Gass and J Crowcroft and C Diot},
  title =        {Pocket Switched Networks and the Consequences of Human Mobility in Conference Environments},
  booktitle =    {Proceedings of ACM Special Interest Group on Data Communication (SIGCOMM)},
  year =         {2005},
  pages =        {244-251},
  publisher = {ACM},
  address = {Philadelphia, PA, USA},
}

@INPROCEEDINGS{YDu2011,
  author =       {Y Du and J Fan and J Chen},
  title =        {Experimental Analysis of User Mobility Pattern in Mobile Social Networks},
  booktitle =    {Proceedings of IEEE Wireless Communication and Networking Conference (WCNC)},
  year =         {2011},
  pages =        {1086-1090},
  publisher = {IEEE Communications Society},
  address = {Cancun, Mexico},
}

@INPROCEEDINGS{RXie2011,
  author =       {R Xie and Y Ji and Y Yue and X Zhu},
  title =        {Mining Individual Mobility Patterns from Mobile Phone Data},
  booktitle =    {Proceedings of ACM International Workshop on Trajectory Data Mining and Analysis (TDMA)},
  year =         {2011},
  pages =        {37-44},
  publisher = {ACM},
  address = {Beijing, China},
}

@INPROCEEDINGS{NYu2013,
  author =       {N Yu and Q Han},
  title =        {Context-Aware Community: Integrating Contexts with Contacts for Proximity-Based Mobile Social Networking},
  booktitle =    {Proceedings of IEEE International Conference on Distributed Computing in Sensor Systems (DCOSS)},
  year =         {2013},
  pages =        {141-148},
  publisher = {IEEE Communications Society},
  address = {Cambridge, Massachusetts, USA},
}

@INPROCEEDINGS{EYoneki2007,
  author =       {E Yoneki and P Hui and S Chan and J Crowcroft},
  title =        {A Socio-aware Overlay for Publish/Subscribe Communication in Delay Tolerant Networks},
  booktitle =    {Proceedings of ACM International Symposium on Modeling, Analysis and Simulation of Wireless and Mobile Systems (MSWiM)},
  year =         {2007},
  pages =        {225-234},
  publisher = {ACM},
  address = {Chania, Crete Island, Greece},
}

@INPROCEEDINGS{CBoldrini2008,
  author =       {C Boldrini and M Conti and A Passarella},
  title =        {Contentplace: Social-aware Data Dissemination in Opportunistic Networks},
  booktitle =    {Proceedings of ACM International Symposium on Modeling, Analysis and Simulation of Wireless and Mobile Systems (MSWiM)},
  year =         {2008},
  pages =        {203-210},
  publisher = {ACM},
  address = {Vancouver, Canada},
}

@INPROCEEDINGS{MMusolesi2004,
  author =       {M Musolesi and S Hailes and C Mascolo},
  title =        {An Ad-hoc Mobility Model Founded on Social Network Theory},
  booktitle =    {Proceedings of ACM International Symposium on Modeling, Analysis and Simulation of Wireless and Mobile Systems (MSWiM)},
  year =         {2004},
  pages =        {20-24},
  publisher = {ACM},
  address = {Venice, Italy},
}

@INPROCEEDINGS{DHuang2010,
  author =       {D Huang and X Zhang and M Kang and J Luo},
  title =        {Mobicloud: Building Secure Cloud Framework For Mobile Computing and Communication},
  booktitle =    {Proceedings of IEEE International Symposium on Service Oriented System Engineering (SOSE)},
  year =         {2010},
  pages =        {27-34},
  publisher = {IEEE Communications Society},
  address = {Loughborough, UK},
}

@INPROCEEDINGS{FDeRango2009,
  author =       {F.De Rango and M Tropea},
  title =        {Swarm Intelligence Based Energy Saving and Load Balancing in Wireless Ad Hoc Networks},
  booktitle =    {Proceedings of ACM International Workshop on Bio-Inspired Algorithms for Distributed Systems (BADS)},
  year =         {2009},
  pages =        {77-83},
  publisher = {ACM},
  address = {Barcelona, Spain},
}

@INPROCEEDINGS{MYuan2012,
  author =       {M Yuan and D Stein and B Carrasco and J.M.F Trindade and Y Lu},
  title =        {Partitioning Social Networks for Fast Retrieval of Time-dependent Queries},
  booktitle =    {Proceedings of IEEE International Conference on Data Engineering Workshops (ICDEW)},
  year =         {2012},
  pages =        {205-212},
  publisher = {IEEE Computer Society},
  address = {Arlington, Virginia, USA},
}

@INPROCEEDINGS{CCurino2010,
  author =       {C Curino and E Jones and Y Zhang and S Madden},
  title =        {Schism: a WorkloadDriven Approach to Database Replication and Partitioning},
  booktitle =    {Proceedings of ACM Very Large Data Bases (VLDB) Conference},
  year =         {2010},
  pages =        {48-57},
  publisher = {ACM},
  address = {Singapore},
}

@INPROCEEDINGS{HChen2010,
  author =       {H Chen and B Jin and F Qi},
  title =        {Integrating Load Balancing into Channelization Strategy in Publish/Subscribe},
  booktitle =    {Proceedings of IEEE International Conference on Advanced Information Networking and Applications (AINA)},
  year =         {2010},
  pages =        {174-181},
  publisher = {IEEE Computer Society},
  address = {Perth, Australia},
}

@INPROCEEDINGS{SBianchi2006,
  author =       {S Bianchi and S Serbu and P Felber and P Kropf},
  title =        {Adaptive Load Balancing for DHT Lookups},
  booktitle =    {Proceedings of IEEE International Conference on Computer Communications and Networks (ICCCN)},
  year =         {2006},
  pages =        {411-418},
  publisher = {IEEE Communications Society},
  address = {Arlington, VA, USA},
}

@INPROCEEDINGS{KKwak2009,
  author =       {K Kwak and G Huerta-Canepa and Y Ko and D Lee and S.J Hyun},
  title =        {An Overlay-based Resource Monitoring Scheme for Social Applications in MANET},
  booktitle =    {Proceedings of IEEE International Computers, Software, and Applications Conference (COMPSAC)},
  year =         {2009},
  pages =        {517-524},
  publisher = {IEEE Communications Society},
  address = {Seattle, Washington, USA},
}

@INPROCEEDINGS{HJafarpour2009,
  author =       {H Jafarpour and S Mehrotra and N Venkatasubramanian},
  title =        {Dynamic Load Balancing for Cluster-Based Publish/Subscribe System},
  booktitle =    {Proceedings of IEEE International Symposium on Applications and the Internet (SAINT)},
  year =         {2009},
  pages =        {57-63},
  publisher = {IEEE Communications Society},
  address = {Seattle, Washington, USA},
}

@INPROCEEDINGS{EGBoix2011,
  author =       {E.G Boix and A.L Carreton and C Scholliers and T.V Cutsem and W.D Meuter and T D'Hondt},
  title =        {Flocks: Enabling Dynamic Group Interactions in Mobile Social Networking Applications},
  booktitle =    {Proceedings of ACM International Symposium On Applied Computing (SAC)},
  year =         {2011},
  pages =        {425-432},
  publisher = {ACM},
  address = {TaiChung, Taiwan},
}

@INPROCEEDINGS{RLubke2011,
  author =       {R Lubke and D Schuster and A Schill},
  title =        {Mobilisgroups: Location-based Group Formation in Mobile Social Networks},
  booktitle =    {Proceedings of IEEE Pervasive Computing and Communication (PerCom) conference},
  year =         {2011},
  pages =        {502-507},
  publisher = {IEEE Computer Society},
  address = {Seattle, WA, USA},
}

@INPROCEEDINGS{RGrob2009,
  author =       {R Grob and M Kuhn and R Wattenhofer and M Wirz},
  title =        {Cluestr: Mobile Social Networking for Enhanced Group Communication},
  booktitle =    {Proceedings of ACM Group conference},
  year =         {2009},
  pages =        {81-90},
  publisher = {ACM},
  address = {Sanibel Island, Florida, USA},
}

@INPROCEEDINGS{SBMokhtar2010,
  author =       {S.B Mokhtar and A.J Mashhadi and L Capra and L McNamara},
  title =        {A Self-organising Directory and Matching Service for Opportunistic Social Networking},
  booktitle =    {Proceedings of ACM International Workshop on Social Network Systems (SNS)},
  year =         {2010},
  pages =        {5:1-6},
  publisher = {ACM},
  address = {Paris, France},
}

@INPROCEEDINGS{NKang2010,
  author =       {N Kang and E.M Shakshuki and T.R Sheltami},
  title =        {Detecting Misbehaving Nodes in MANETs},
  booktitle =    {Proceedings of ACM International Conference on Information Integration and Web-based Applications \& Services (iiWAS)},
  year =         {2010},
  pages =        {216-222},
  publisher = {ACM},
  address = {Paris, France},
}

@INPROCEEDINGS{PGera2011,
  author =       {P Gera and K Garg and M Misra},
  title =        {Eliminating Misbehaving Nodes by Opinion based Trust Evaluation Model in MANETs},
  booktitle =    {Proceedings of ACM International Conference on Communication, Computing \& Security (CCS)},
  year =         {2011},
  pages =        {50-55},
  publisher = {ACM},
  address = {Chicago, IL, USA},
}

@INPROCEEDINGS{AKrifa2011,
  author =       {A Krifa and C Barakat and T Spyropoulos},
  title =        {Mobitrade: Trading Content in Disruption Tolerant Networks},
  booktitle =    {Proceedings of ACM International MobiCom workshop on Challenged Networks (CHANTS)},
  year =         {2011},
  pages =        {31-36},
  publisher = {ACM},
  address = {Las Vegas, Nevada, USA},
}

@INPROCEEDINGS{GBigwood2011,
  author =       {G Bigwood and T Henderson},
  title =        {IRONMAN: Using Social Networks to Add Incentives and Reputation to Opportunistic Networks},
  booktitle =    {Proceedings of International Conference on Social Computing (SocialCom)},
  year =         {2011},
  pages =        {65-72},
  publisher = {ASE/IEEE},
  address = {MIT, Boston, USA},
}

@INPROCEEDINGS{WChen2008,
  author =       {W Chen and R.K Guha and T.J Kwon and J Lee and I.Y Hsu},
  title =        {A Survey and Challenges in Routing and Data Dissemination in Vehicular Ad-hoc Networks},
  booktitle =    {Proceedings of IEEE International Conference on Vehicular Electronics and Safety (ICEVS)},
  year =         {2008},
  pages =        {328-333},
  publisher = {IEEE},
  address = {Columbus, OH, USA},
}

@INPROCEEDINGS{HJohnson2011,
  author =       {H Johnson and L Niklas and O Daniela and F.W Shyhtsun},
  title =        {Trustworthy Opportunistic Sensing: A Social Computing Paradigm},
  booktitle =    {Proceedings of IEEE International Conference on Information Reuse and Integration (IRI)},
  year =         {2011},
  pages =        {513-518},
  publisher = {IEEE},
  address = {Las Vegas, Nevada, USA},
}

@INPROCEEDINGS{QLi2010,
  author =       {Q Li and S Zhu and G Cao},
  title =        {Routing in Socially Selfish Delay Tolerant Networks},
  booktitle =    {Proceedings of IEEE International Conference on Computer Communication (INFOCOM)},
  year =         {2010},
  pages =        {1-9},
  publisher = {IEEE Communications Society},
  address = {San Diego, CA, USA},
}

@INPROCEEDINGS{UVenkanna2013,
  author =       {U Venkanna and R. L Velusamy},
  title =        {Mitigating the Attacks on Recommendation Trust Model for Mobile Ad Hoc Networks},
  booktitle =    {Proceedings of International Conference on Emerging Research in Computing, Information, Communication and Applications (ERCICA)},
  year =         {2013},
  pages =        {123-130},
  publisher = {NITTE},
  address = {Bangalore, India},
}

@INPROCEEDINGS{KGopalakrishnan2009,
  author =       {K Gopalakrishnan and V. R Uthariaraj},
  title =        {Scenario Based Evaluation of the Impact of Misbehaving Nodes in Mobile Ad hoc Networks},
  booktitle =    {Proceedings of International Conference on Autonomic Computing and Communications (ICAC)},
  year =         {2009},
  pages =        {45-50},
  publisher = {ACM},
  address = {Barcelona, Spain},
}

@INPROCEEDINGS{DMcCoy2007,
  author =       {D McCoy and D Sicker and D Grunwald},
  title =        {A Mechanism for Detecting and Responding to Misbehaving Nodes in Wireless Networks},
  booktitle =    {Proceedings of International Conference on Sensor, Mesh and Ad Hoc Communications and Networks (SECON)},
  year =         {2007},
  pages =        {678-684},
  publisher = {IEEE Communications Society},
  address = {San Diego, California, USA},
}

@INPROCEEDINGS{JLuo2003,
  author =       {J Luo and J. P Hubaux and P. T Eugster},
  title =        {PAN: Providing Reliable Storage in Mobile Ad hoc Networks With Probablistic Quorum Systems},
  booktitle =    {Proceedings of ACM International Symposium on Mobile Ad Hoc Networking and Computing (MobiHoc)},
  year =         {2003},
  pages =        {1-12},
  publisher = {ACM},
  address = {Annapolis, Maryland, USA},
}

@INPROCEEDINGS{AEinolghozati2012,
  author =       {A Einolghozati and M Sardari and A Beirami and F Fekri},
  title =        {Data Gathering in Networks of Bacteria Colonies: Collective Sensing and Relaying Using Molecular Communication},
  booktitle =    {Proceedings of IEEE International Conference on Computer Communication (INFOCOM)},
  year =         {2012},
  pages =        {256-261},
  publisher = {IEEE},
  address = {Orlando, FL, USA},
}

@INPROCEEDINGS{HLi2012,
  author =       {H Li and C Wu and Z Li and W Huang and F. C Lau},
  title =        {Stochastic Optimal Multirate Multicast in Socially Selfish Wireless Networks},
  booktitle =    {Proceedings of IEEE International Conference on Computer Communication (INFOCOM)},
  year =         {2012},
  pages =        {172-180},
  publisher = {IEEE},
  address = {Orlando, FL, USA},
}

@INPROCEEDINGS{OOmokaro2012,
  author =       {O Omokaro},
  title =        {A Framework to Promote User Engagement in Participatory Sensing Applications},
  booktitle =    {Proceedings of ACM International Conference on Ubiquitous Computing (UbiComp)},
  year =         {2012},
  pages =        {548-551},
  publisher = {ACM},
  address = {Pittsburgh, Pennsylvania, USA},
}

@INPROCEEDINGS{GSTuncay2013,
  author =       {G. S Tuncay and G Benincasa and A Helmy},
  title =        {Participant Recruitment and Data Collection Framework for Opportunistic Sensing: A Comparative Analysis},
  booktitle =    {Proceedings of ACM International Conference on Mobile computing \& networking (MobiCom)},
  year =         {2013},
  pages =        {191-194},
  publisher = {ACM},
  address = {Miami, Florida, USA},
}

@INPROCEEDINGS{HSMa2013,
  author =       {H-S Ma and J-W Wang},
  title =        {CUT: Community Update and Tracking in Dynamic Social Networks},
  booktitle =    {Proceedings of ACM SIGKDD International Workshop on Social Network Mining and Analysis (SNA-KDD)},
  year =         {2013},
  pages =        {6-13},
  publisher = {ACM},
  address = {Chicago, Illinois, USA},
}

@INPROCEEDINGS{CXLin2010,
  author =       {C. X Lin and B Zhao and Q Mei and J Han},
  title =        {PET: A Statistical Model for Popular Events Tracking in Social Communities},
  booktitle =    {Proceedings of ACM SIGKDD International Conference on Knowledge Discovery and Data Mining (KDD)},
  year =         {2010},
  pages =        {929-938},
  publisher = {ACM},
  address = {Washington, DC, USA},
}

@INPROCEEDINGS{AAsahara2011,
  author =       {A Asahara and K Maruyama and A Sato and Seto K},
  title =        {Pedestrian-Movement Prediction Based on Mixed Markov-Chain Model},
  booktitle =    {Proceedings of ACM SIGSPATIAL International Conference on Advances in Geographic Information Systems (SIGSPATIAL GIS)},
  year =         {2011},
  pages =        {25-33},
  publisher = {ACM},
  address = {Chicago, Illinois, USA},
}


@INPROCEEDINGS{DTMT2012,
  author =       {D TMT and D Gatica-Perez},
  title =        {Contextual Conditional Models for Smartphone-based Human Mobility Prediction},
  booktitle =    {Proceedings of ACM International Conference on Ubiquitous Computing (UbiCom)},
  year =         {2012},
  pages =        {163-172},
  publisher = {ACM},
  address = {Seattle, Washington, USA},
}

@INPROCEEDINGS{HWeatherspoon2009,
  author =       {H Weatherspoon and L Ganesh and T Marian and M Balakrishnan and K Birman},
  title =        {Smoke and Mirrors: Reflecting Files at a Geographically Remote Location Without Loss of Performance},
  booktitle =    {Proceedings of USENIX Conference on File and Storage Technologies (FAST)},
  year =         {2009},
  pages =        {211-224},
  publisher = {USENIX},
  address = {San Francisco, CA, USA},
}

@INPROCEEDINGS{RYan2004,
  author =       {R Yan and J Shu and W. D Chan},
  title =        {An Implementation of Semi-synchronous Remote Mirroring System for SANs},
  booktitle =    {Proceedings of the ACM Workshop on Grid and Cooperative Computing (GCC)},
  year =         {2004},
  pages =        {1-6},
  publisher = {ACM},
  address = {Wuhan, China},
}

@INPROCEEDINGS{BFCooper2008,
  author =       {B. F Cooper and R Ramakrishnan and U Srivastava and A Silberstein and P Bohannon and H-A Jacobsen and N Puz and D Weaver and R Yernen},
  title =        {PNUTS: Yahoo!s Hosted Data Serving Platform},
  booktitle =    {Proceedings of the Very Large Data Bases Endowment (VLDB)},
  year =         {2008},
  pages =        {1277-1288},
  publisher = {ACM},
  address = {Auckland, New Zealand},
}

@INPROCEEDINGS{YSovran2011,
  author =       {Y Sovran and R Power and M. K Aguilera and J Li},
  title =        {Transactional Storage for Geo-replicated Systems},
  booktitle =    {Proceedings of the ACM Symposium on Operating Systems Principles (SOSP)},
  year =         {2011},
  pages =        {385-400},
  publisher = {ACM},
  address = {Cascais, Portugal},
}

@BOOK{RZafarani2014,
  AUTHOR =       {R Zafarani and M. A Abbasi and H Liu},
  TITLE =        {Social Data Mining: An Introduction},
  PUBLISHER =    {Cambridge University Press},
  YEAR =         {2014},
  address =      {Cambridge, UK},
}

@BOOK{SWasserman1995,
  AUTHOR =       {S Wasserman and K Faust},
  TITLE =        {Social network analysis: Methods and applications},
  PUBLISHER =    {Cambridge University Press},
  YEAR =         {1995},
  address =      {Cambridge, UK},
}










@PHDTHESIS{LA2004,
  AUTHOR =       {Anna Linderhed},
  TITLE =        {Adaptive image compression with wavelet packets and empirical mode decomposition},
  SCHOOL =       {Link\"{o}ping University},
  YEAR =         {2004},
  address = {Sweden},
}

